[
  {
    "image": "https://shop.kimelo.com/_next/image?url=https%3A%2F%2Fd3tlizm80tjdt4.cloudfront.net%2Fremote_images%2Fimage%2F2114%2Fsmall%2Fb41784f854f03efedc29d73d0a248d0dac389d704b7101205d.jpg&w=3840&q=50",
    "url": "https://shop.kimelo.com/sku/cheese-mozzarella-wmlm-feather-shred-nb-45-lb-124254/124254",
    "name": "Cheese, Mozzarella, Wmlm, Feather Shred, Nb, 4/5 Lb - 124254",
    "brand": "North Beach",
    "category": "Cheese > Specialty Cheese",
    "SKU": 124254,
    "UPC": 124254,
    "Warning": "This product can expose you to chemicals including arsenic, which is known to the State of California to cause cancer. For more information, go to www.P65Warnings.ca.gov",
    "CASE": {
      "count": 1,
      "dimension": "L 1\" x W 1\" x H 1\"",
      "weight": 20.0,
      "price": 53.98,
      "price_per_lb": 2.7
    },
    "EACH": {
      "count": "1 Item",
      "dimension": "L 1\" x W 1\" x H 1\"",
      "weight": 20.0,
      "price": 53.98,
      "price_per_lb": 2.7
    },
    "related_items": "None"
  },
  {
    "image": "https://shop.kimelo.com/_next/image?url=https%3A%2F%2Fd3tlizm80tjdt4.cloudfront.net%2Fimage%2F15196%2Fimage%2Fsm-af4d520ed6ba1c0a2c2dbddaffd35ce4.png&w=3840&q=50",
    "url": "https://shop.kimelo.com/sku/cheese-american-120-slice-yellow-4-5-lb-103674/103674",
    "name": "Cheese, American, 120 Slice, Yellow, (4) 5 Lb - 103674",
    "brand": "Schreiber",
    "category": "Cheese > Sliced Cheese",
    "SKU": 103674,
    "UPC": 103674,
    "Warning": "This product can expose you to chemicals including arsenic, which is known to the State of California to cause cancer. For more information, go to www.P65Warnings.ca.gov",
    "CASE": {
      "count": 4,
      "dimension": "L 1\" x W 1\" x H 1\"",
      "weight": 5.15,
      "price": 67.04,
      "price_per_lb": 3.35
    },
    "EACH": {
      "count": "1 Item",
      "dimension": "L 1\" x W 1\" x H 1\"",
      "weight": 1.2875,
      "price": 16.76,
      "price_per_lb": 3.35
    },
    "related_items": [
      {
        "name": "Cheese, Swiss, Sliced, Processed, 120 Ct, (4) 5 Lb - 100014",
        "brand": "Commodity Cheese",
        "price": "$19.47",
        "price_per_lb": "$3.89/lb"
      }
    ]
  },
  {
    "image": "https://shop.kimelo.com/_next/image?url=https%3A%2F%2Fd3tlizm80tjdt4.cloudfront.net%2Fimage%2F15193%2Fimage%2Fsm-dba02abeba78ee707501f521a0557481.png&w=3840&q=50",
    "url": "https://shop.kimelo.com/sku/cheese-cheddar-shredded-fancy-mild-4-106832/106832",
    "name": "Cheese, Cheddar, Shredded, Fancy, Mild, (4) - 106832",
    "brand": "Cheswick",
    "category": "Cheese > Shredded Cheese",
    "SKU": 106832,
    "UPC": 106832,
    "Warning": "This product can expose you to chemicals including arsenic, which is known to the State of California to cause cancer. For more information, go to www.P65Warnings.ca.gov",
    "CASE": {
      "count": 4,
      "dimension": "L 1\" x W 1\" x H 1\"",
      "weight": 5.0,
      "price": 65.84,
      "price_per_lb": 3.29
    },
    "EACH": {
      "count": "1 Item",
      "dimension": "L 1\" x W 1\" x H 1\"",
      "weight": 1.25,
      "price": 16.46,
      "price_per_lb": 3.29
    },
    "related_items": [
      {
        "name": "Cheese, Cheddar, Mild, Sliced, (8) - 103600",
        "brand": "California Select Farms",
        "price": "$6.89",
        "price_per_lb": "$4.59/lb"
      },
      {
        "name": "Cheese, Cheddar, Mild, Loaf, (8) 5 Lb - 103670",
        "brand": "Cheswick",
        "price": "$16.99",
        "price_per_lb": "$3.40/lb"
      }
    ]
  },
  {
    "image": "https://shop.kimelo.com/_next/image?url=https%3A%2F%2Fd3tlizm80tjdt4.cloudfront.net%2Fimage%2F8965%2Fimage%2Fsm-137bd810e22f0b816f7a749f30bb60f4.jpeg&w=3840&q=50",
    "url": "https://shop.kimelo.com/sku/cheese-cheddar-mild-sliced-8-103600/103600",
    "name": "Cheese, Cheddar, Mild, Sliced, (8) - 103600",
    "brand": "California Select Farms",
    "category": "Cheese > Sliced Cheese",
    "SKU": 103600,
    "UPC": 103600,
    "Warning": "This product can expose you to chemicals including arsenic, which is known to the State of California to cause cancer. For more information, go to www.P65Warnings.ca.gov",
    "CASE": {
      "count": 8,
      "dimension": "L 1\" x W 1\" x H 1\"",
      "weight": 1.5,
      "price": 55.12,
      "price_per_lb": 4.59
    },
    "EACH": {
      "count": "1 Item",
      "dimension": "L 1\" x W 1\" x H 1\"",
      "weight": 0.1875,
      "price": 6.89,
      "price_per_lb": 4.59
    },
    "related_items": [
      {
        "name": "Cheese, Cheddar, Sharp, Slcd, Interleaf, 0.75 Oz, (8)  103603",
        "brand": "California Select Farms",
        "price": "$9.56",
        "price_per_lb": "$6.37/lb"
      },
      {
        "name": "Cheese, Cheddar, Shredded, Fancy, Mild, (4) - 106832",
        "brand": "Cheswick",
        "price": "$16.46",
        "price_per_lb": "$3.29/lb"
      }
    ]
  },
  {
    "image": "https://shop.kimelo.com/_next/image?url=https%3A%2F%2Fd3tlizm80tjdt4.cloudfront.net%2Fimage%2F10794%2Fimage%2Fsm-313ae66972cd7064da6bcf09c337ae5a.png&w=3840&q=50",
    "url": "https://shop.kimelo.com/sku/cheese-parmesan-grated-imported-4-5-lb-111522/111522",
    "name": "Cheese, Parmesan, Grated, Imported, (4) 5 Lb - 111522",
    "brand": "Galbani",
    "category": "Cheese > Crumbled, Cubed, Grated, Shaved",
    "SKU": 111522,
    "UPC": 111522,
    "Warning": "This product can expose you to chemicals including arsenic, which is known to the State of California to cause cancer. For more information, go to www.P65Warnings.ca.gov",
    "CASE": {
      "count": 4,
      "dimension": "L 1\" x W 1\" x H 1\"",
      "weight": 5.0,
      "price": 120.72,
      "price_per_lb": 6.04
    },
    "EACH": {
      "count": "1 Item",
      "dimension": "L 1\" x W 1\" x H 1\"",
      "weight": 1.25,
      "price": 30.18,
      "price_per_lb": 6.04
    },
    "related_items": [
      {
        "name": "Cheese, Parmesan, Shaved, (4) 5 Lb - 106816",
        "brand": "Galbani",
        "price": "$26.44",
        "price_per_lb": "$5.29/lb"
      },
      {
        "name": "Cheese, Parmesan, Wheel, Usa, 20 Lb Avg - 112306",
        "brand": "Galbani",
        "price": "$111.67",
        "price_per_lb": "$5.58/lb"
      }
    ]
  },
  {
    "image": "https://shop.kimelo.com/_next/image?url=https%3A%2F%2Fd3tlizm80tjdt4.cloudfront.net%2Fimage%2F2865%2Fimage%2Fsm-7f83700059c075a212d5756e9c4e7073.jpg&w=3840&q=50",
    "url": "https://shop.kimelo.com/sku/cheese-parmesan-shaved-4-5-lb-106816/106816",
    "name": "Cheese, Parmesan, Shaved, (4) 5 Lb - 106816",
    "brand": "Galbani",
    "category": "Cheese > Crumbled, Cubed, Grated, Shaved",
    "SKU": 106816,
    "UPC": 106816,
    "Warning": "This product can expose you to chemicals including arsenic, which is known to the State of California to cause cancer. For more information, go to www.P65Warnings.ca.gov",
    "CASE": {
      "count": 4,
      "dimension": "L 1\" x W 1\" x H 1\"",
      "weight": 5.0,
      "price": 105.76,
      "price_per_lb": 5.29
    },
    "EACH": {
      "count": "1 Item",
      "dimension": "L 1\" x W 1\" x H 1\"",
      "weight": 1.25,
      "price": 26.44,
      "price_per_lb": 5.29
    },
    "related_items": [
      {
        "name": "Cheese, Parmesan, Wheel, Usa, 20 Lb Avg - 112306",
        "brand": "Galbani",
        "price": "$111.67",
        "price_per_lb": "$5.58/lb"
      },
      {
        "name": "Cheese, Parmesan, Grated, Imported, (4) 5 Lb - 111522",
        "brand": "Galbani",
        "price": "$30.18",
        "price_per_lb": "$6.04/lb"
      }
    ]
  },
  {
    "image": "https://shop.kimelo.com/_next/image?url=https%3A%2F%2Fd3tlizm80tjdt4.cloudfront.net%2Fimage%2F15218%2Fimage%2Fsm-466292604c156f994ceac17cbcf40f9e.png&w=3840&q=50",
    "url": "https://shop.kimelo.com/sku/cheese-ricotta-4-5lb-108718/108718",
    "name": "Cheese, Ricotta, (4) 5lb - 108718",
    "brand": "Galbani",
    "category": "Cheese > Specialty Cheese",
    "SKU": 108718,
    "UPC": 108718,
    "Warning": "This product can expose you to chemicals including arsenic, which is known to the State of California to cause cancer. For more information, go to www.P65Warnings.ca.gov",
    "CASE": {
      "count": 4,
      "dimension": "L 1\" x W 1\" x H 1\"",
      "weight": 5.0,
      "price": 67.56,
      "price_per_lb": 3.38
    },
    "EACH": {
      "count": "1 Item",
      "dimension": "L 1\" x W 1\" x H 1\"",
      "weight": 1.25,
      "price": 16.89,
      "price_per_lb": 3.38
    },
    "related_items": [
      {
        "name": "Cheese, Mascarpone, Tub, Belgioioso, (4) 5 Lb - 107599",
        "brand": "Belgioioso",
        "price": "$29.72",
        "price_per_lb": "$5.94/lb"
      }
    ]
  },
  {
    "image": "https://shop.kimelo.com/_next/image?url=https%3A%2F%2Fd3tlizm80tjdt4.cloudfront.net%2Fimage%2F1544%2Fimage%2Fsm-b2bb50a2b1ae90153c2401ff9f0214df.jpg&w=3840&q=50",
    "url": "https://shop.kimelo.com/sku/cheese-cream-loaf-philadelphia-6-3-lb-103663/103663",
    "name": "Cheese, Cream, Loaf, Philadelphia, (6) 3 Lb - 103663",
    "brand": "Philadelphia",
    "category": "Cheese > Cheese Loaf",
    "SKU": 103663,
    "UPC": 103663,
    "Warning": "This product can expose you to chemicals including arsenic, which is known to the State of California to cause cancer. For more information, go to www.P65Warnings.ca.gov",
    "CASE": {
      "count": 6,
      "dimension": "L 1\" x W 1\" x H 1\"",
      "weight": 3.0,
      "price": 96.78,
      "price_per_lb": 5.38
    },
    "EACH": {
      "count": "1 Item",
      "dimension": "L 1\" x W 1\" x H 1\"",
      "weight": 0.5,
      "price": 16.13,
      "price_per_lb": 5.38
    },
    "related_items": [
      {
        "name": "Cheese, Cream, Bulk, 30 Lb - 103662",
        "brand": "Packer",
        "price": "$70.05",
        "price_per_lb": "$2.34/lb"
      },
      {
        "name": "Cheese, Cream, Loaf, 10/3 Lb - 112699",
        "brand": "Raskas",
        "price": "$85.56",
        "price_per_lb": "$2.85/lb"
      }
    ]
  },
  {
    "image": "https://shop.kimelo.com/_next/image?url=https%3A%2F%2Fd3tlizm80tjdt4.cloudfront.net%2Fremote_images%2Fimage%2F7672%2Fsmall%2F63a1d4191c5e3258376922c1599c780ef012ec6bf3828fa409.jpg&w=3840&q=50",
    "url": "https://shop.kimelo.com/sku/cheese-shredded-jack-cheddar-blend-fancy-4-5-lb-103664/103664",
    "name": "Cheese, Shredded, Jack & Cheddar Blend, Fancy, (4) 5 Lb - 103664",
    "brand": "Packer",
    "category": "Cheese > Shredded Cheese",
    "SKU": 103664,
    "UPC": 103664,
    "Warning": "This product can expose you to chemicals including arsenic, which is known to the State of California to cause cancer. For more information, go to www.P65Warnings.ca.gov",
    "CASE": {
      "count": 4,
      "dimension": "L 1\" x W 1\" x H 1\"",
      "weight": 5.0,
      "price": 58.84,
      "price_per_lb": 2.94
    },
    "EACH": {
      "count": "1 Item",
      "dimension": "L 1\" x W 1\" x H 1\"",
      "weight": 1.25,
      "price": 14.71,
      "price_per_lb": 2.94
    },
    "related_items": [
      {
        "name": "Cheese, 5 Blend, Moz Wmlm/lmps/prov/parm/roma, 6/5 Lb - 123784",
        "brand": "Galbani",
        "price": "$96.18",
        "price_per_lb": "$3.21/lb"
      }
    ]
  },
  {
    "image": "https://shop.kimelo.com/_next/image?url=https%3A%2F%2Fd3tlizm80tjdt4.cloudfront.net%2Fremote_images%2Fimage%2F5723%2Fsmall%2F63b0ef7755de74914c5a50da256581d0721f73912ee4923b21.jpg&w=3840&q=50",
    "url": "https://shop.kimelo.com/sku/cheese-jack-pepper-sliced-8-15-lb-124829/124829",
    "name": "Cheese, Jack Pepper, Sliced, (8) 1.5 Lb 124829",
    "brand": "Cal Premium",
    "category": "Cheese > Sliced Cheese",
    "SKU": 124829,
    "UPC": 124829,
    "Warning": "This product can expose you to chemicals including arsenic, which is known to the State of California to cause cancer. For more information, go to www.P65Warnings.ca.gov",
    "CASE": {
      "count": 8,
      "dimension": "L 1\" x W 1\" x H 1\"",
      "weight": 1.5,
      "price": 53.76,
      "price_per_lb": 4.48
    },
    "EACH": {
      "count": "1 Item",
      "dimension": "L 1\" x W 1\" x H 1\"",
      "weight": 0.1875,
      "price": 6.72,
      "price_per_lb": 4.48
    },
    "related_items": [
      {
        "name": "Cheese, Pepper Jack, Loaf (8) 103672",
        "brand": "Cheswick",
        "price": "$17.47",
        "price_per_lb": "$3.49/lb"
      },
      {
        "name": "Cheese, Pepperjack, Feather Shred, 4/5 Lb - 123794",
        "brand": "Cheswick",
        "price": "$65.72",
        "price_per_lb": "$3.29/lb"
      },
      {
        "name": "Cheese, Monterey Jack, Sliced, (8) 1.5 Lb - 103599",
        "brand": "Cheese Crafters",
        "price": "$5.97",
        "price_per_lb": "$3.98/lb"
      },
      {
        "name": "Cheese, Pepper Jack, Loaf (8) 103672",
        "brand": "Cheswick",
        "price": "$17.47",
        "price_per_lb": "$3.49/lb"
      },
      {
        "name": "Cheese, Pepperjack, Feather Shred, 4/5 Lb - 123794",
        "brand": "Cheswick",
        "price": "$65.72",
        "price_per_lb": "$3.29/lb"
      },
      {
        "name": "Cheese, Monterey Jack, Sliced, (8) 1.5 Lb - 103599",
        "brand": "Cheese Crafters",
        "price": "$5.97",
        "price_per_lb": "$3.98/lb"
      },
      {
        "name": "Cheese, Pepper Jack, Loaf (8) 103672",
        "brand": "Cheswick",
        "price": "$17.47",
        "price_per_lb": "$3.49/lb"
      },
      {
        "name": "Cheese, Pepperjack, Feather Shred, 4/5 Lb - 123794",
        "brand": "Cheswick",
        "price": "$65.72",
        "price_per_lb": "$3.29/lb"
      }
    ]
  },
  {
    "image": "https://shop.kimelo.com/_next/image?url=https%3A%2F%2Fd3tlizm80tjdt4.cloudfront.net%2Fremote_images%2Fimage%2F10816%2Fsmall%2F2048920d241626bd3bad46e85780c82aa9ba11b23f92f26222.jpg&w=3840&q=50",
    "url": "https://shop.kimelo.com/sku/cheese-paneer-gopi-45-lb/374574",
    "name": "Cheese, Paneer, Gopi, 4/5 Lb",
    "brand": "Gopi",
    "category": "Cheese > Sliced Cheese",
    "SKU": 374574,
    "UPC": 374574,
    "Warning": "This product can expose you to chemicals including arsenic, which is known to the State of California to cause cancer. For more information, go to www.P65Warnings.ca.gov",
    "CASE": {
      "count": 1,
      "dimension": "L 1\" x W 1\" x H 1\"",
      "weight": 20.0,
      "price": 75.1,
      "price_per_lb": 3.76
    },
    "EACH": {
      "count": "1 Item",
      "dimension": "L 1\" x W 1\" x H 1\"",
      "weight": 20.0,
      "price": 75.1,
      "price_per_lb": 3.76
    },
    "related_items": "None"
  },
  {
    "image": "https://shop.kimelo.com/_next/image?url=https%3A%2F%2Fd3tlizm80tjdt4.cloudfront.net%2Fimage%2F11595%2Fimage%2Fsm-a149c106d663df481f081d8fa47bcf0f.jpeg&w=3840&q=50",
    "url": "https://shop.kimelo.com/sku/cheese-cheddar-mild-loaf-8-5-lb-103670/103670",
    "name": "Cheese, Cheddar, Mild, Loaf, (8) 5 Lb - 103670",
    "brand": "Cheswick",
    "category": "Cheese > Cheese Loaf",
    "SKU": 103670,
    "UPC": 103670,
    "Warning": "This product can expose you to chemicals including arsenic, which is known to the State of California to cause cancer. For more information, go to www.P65Warnings.ca.gov",
    "CASE": {
      "count": 8,
      "dimension": "L 1\" x W 1\" x H 1\"",
      "weight": 5.0,
      "price": 135.92,
      "price_per_lb": 3.4
    },
    "EACH": {
      "count": "1 Item",
      "dimension": "L 1\" x W 1\" x H 1\"",
      "weight": 0.625,
      "price": 16.99,
      "price_per_lb": 3.4
    },
    "related_items": [
      {
        "name": "Cheese, Cheddar, Medium, Loaf, (2) 5lb - 106815",
        "brand": "Tillamook",
        "price": "$30.08",
        "price_per_lb": "$6.02/lb"
      },
      {
        "name": "Cheese, Cheddar, Shredded, Fancy, Mild, (4) - 106832",
        "brand": "Cheswick",
        "price": "$16.46",
        "price_per_lb": "$3.29/lb"
      },
      {
        "name": "Cheese, Cheddar, Mild, Sliced, (8) - 103600",
        "brand": "California Select Farms",
        "price": "$6.89",
        "price_per_lb": "$4.59/lb"
      },
      {
        "name": "Cheese, Cheddar, Medium, Loaf, (2) 5lb - 106815",
        "brand": "Tillamook",
        "price": "$30.08",
        "price_per_lb": "$6.02/lb"
      },
      {
        "name": "Cheese, Cheddar, Shredded, Fancy, Mild, (4) - 106832",
        "brand": "Cheswick",
        "price": "$16.46",
        "price_per_lb": "$3.29/lb"
      },
      {
        "name": "Cheese, Cheddar, Mild, Sliced, (8) - 103600",
        "brand": "California Select Farms",
        "price": "$6.89",
        "price_per_lb": "$4.59/lb"
      },
      {
        "name": "Cheese, Cheddar, Medium, Loaf, (2) 5lb - 106815",
        "brand": "Tillamook",
        "price": "$30.08",
        "price_per_lb": "$6.02/lb"
      },
      {
        "name": "Cheese, Cheddar, Shredded, Fancy, Mild, (4) - 106832",
        "brand": "Cheswick",
        "price": "$16.46",
        "price_per_lb": "$3.29/lb"
      }
    ]
  },
  {
    "image": "https://shop.kimelo.com/_next/image?url=https%3A%2F%2Fd3tlizm80tjdt4.cloudfront.net%2Fimage%2F17447%2Fimage%2Fsm-b7f1d5ebed658c7a48b315af49bb5e0d.png&w=3840&q=50",
    "url": "https://shop.kimelo.com/sku/cheese-feta-crumbles-president-25-lb-123341/123341",
    "name": "Cheese, Feta, Crumbles, President, 2/5 Lb - 123341",
    "brand": "President",
    "category": "Cheese > Specialty Cheese",
    "SKU": 123341,
    "UPC": 123341,
    "Warning": "This product can expose you to chemicals including arsenic, which is known to the State of California to cause cancer. For more information, go to www.P65Warnings.ca.gov",
    "CASE": {
      "count": 1,
      "dimension": "L 1\" x W 1\" x H 1\"",
      "weight": 10.0,
      "price": 44.11,
      "price_per_lb": 4.41
    },
    "EACH": {
      "count": "1 Item",
      "dimension": "L 1\" x W 1\" x H 1\"",
      "weight": 10.0,
      "price": 44.11,
      "price_per_lb": 4.41
    },
    "related_items": [
      {
        "name": "Cheese, Feta, French, Pail, Valbreso, 18 Lb Avg - 123797",
        "brand": "Valbreso",
        "price": "$125.10",
        "price_per_lb": "$6.95/lb"
      },
      {
        "name": "Cheese, Feta, Rbst Free, Estia, 24 Lb 124006",
        "brand": "Estia",
        "price": "$110.02",
        "price_per_lb": "$4.58/lb"
      }
    ]
  },
  {
    "image": "https://shop.kimelo.com/_next/image?url=https%3A%2F%2Fd3tlizm80tjdt4.cloudfront.net%2Fimage%2F17540%2Fimage%2Fsm-c373691cb060f68e4cc8b4904a692eda.png&w=3840&q=50",
    "url": "https://shop.kimelo.com/sku/cheese-mascarpone-tub-belgioioso-4-5-lb-107599/107599",
    "name": "Cheese, Mascarpone, Tub, Belgioioso, (4) 5 Lb - 107599",
    "brand": "Belgioioso",
    "category": "Cheese > Specialty Cheese",
    "SKU": 107599,
    "UPC": 107599,
    "Warning": "This product can expose you to chemicals including arsenic, which is known to the State of California to cause cancer. For more information, go to www.P65Warnings.ca.gov",
    "CASE": {
      "count": 4,
      "dimension": "L 1\" x W 1\" x H 1\"",
      "weight": 5.0,
      "price": 118.88,
      "price_per_lb": 5.94
    },
    "EACH": {
      "count": "1 Item",
      "dimension": "L 1\" x W 1\" x H 1\"",
      "weight": 1.25,
      "price": 29.72,
      "price_per_lb": 5.94
    },
    "related_items": [
      {
        "name": "Cheese, Ricotta, (4) 5lb - 108718",
        "brand": "Galbani",
        "price": "$16.89",
        "price_per_lb": "$3.38/lb"
      }
    ]
  },
  {
    "image": "https://shop.kimelo.com/_next/image?url=https%3A%2F%2Fd3tlizm80tjdt4.cloudfront.net%2Fremote_images%2Fimage%2F7215%2Fsmall%2F0a7da17fd94fe5c52868137e402c2fb20947dba2f4b452a049.jpg&w=3840&q=50",
    "url": "https://shop.kimelo.com/sku/cheese-mozzarella-wmlm-loaf-professionale-85-lb-125731/125731",
    "name": "Cheese, Mozzarella, Wmlm, Loaf, Professionale, 8/5 Lb 125731",
    "brand": "Galbani",
    "category": "Cheese > Cheese Loaf",
    "SKU": 125731,
    "UPC": 125731,
    "Warning": "This product can expose you to chemicals including arsenic, which is known to the State of California to cause cancer. For more information, go to www.P65Warnings.ca.gov",
    "CASE": {
      "count": 1,
      "dimension": "L 1\" x W 1\" x H 1\"",
      "weight": 40.0,
      "price": 98.2,
      "price_per_lb": 2.46
    },
    "EACH": {
      "count": "1 Item",
      "dimension": "L 1\" x W 1\" x H 1\"",
      "weight": 40.0,
      "price": 98.2,
      "price_per_lb": 2.46
    },
    "related_items": "None"
  },
  {
    "image": "https://shop.kimelo.com/_next/image?url=https%3A%2F%2Fd3tlizm80tjdt4.cloudfront.net%2Fimage%2F5982%2Fimage%2Fsm-9aa3ae766c94f5a2fcc8f244a97460de.jpg&w=3840&q=50",
    "url": "https://shop.kimelo.com/sku/cheese-gorgonzola-crumbles-86464-2-5-lb-107598/107598",
    "name": "Cheese, Gorgonzola, Crumbles, 86464, (2) 5 Lb - 107598",
    "brand": "Belgioioso",
    "category": "Cheese > Crumbled, Cubed, Grated, Shaved",
    "SKU": 107598,
    "UPC": 107598,
    "Warning": "This product can expose you to chemicals including arsenic, which is known to the State of California to cause cancer. For more information, go to www.P65Warnings.ca.gov",
    "CASE": {
      "count": 2,
      "dimension": "L 1\" x W 1\" x H 1\"",
      "weight": 5.0,
      "price": 49.06,
      "price_per_lb": 4.91
    },
    "EACH": {
      "count": "1 Item",
      "dimension": "L 1\" x W 1\" x H 1\"",
      "weight": 2.5,
      "price": 24.53,
      "price_per_lb": 4.91
    },
    "related_items": "None"
  },
  {
    "image": "https://shop.kimelo.com/_next/image?url=https%3A%2F%2Fd3tlizm80tjdt4.cloudfront.net%2Fimage%2F14820%2Fimage%2Fsm-d0fbe266cac5dbbfe601de287ad60344.png&w=3840&q=50",
    "url": "https://shop.kimelo.com/sku/cheese-indian-paneer-bulk-fresh-loaf-4-109240/109240",
    "name": "Cheese, Indian Paneer Bulk Fresh Loaf (4) 109240",
    "brand": "Royal Mahout",
    "category": "Cheese > Specialty Cheese",
    "SKU": 109240,
    "UPC": 109240,
    "Warning": "This product can expose you to chemicals including arsenic, which is known to the State of California to cause cancer. For more information, go to www.P65Warnings.ca.gov",
    "CASE": {
      "count": 4,
      "dimension": "L 1\" x W 1\" x H 1\"",
      "weight": 5.25,
      "price": 82.32,
      "price_per_lb": 4.12
    },
    "EACH": {
      "count": "1 Item",
      "dimension": "L 1\" x W 1\" x H 1\"",
      "weight": 1.3125,
      "price": 20.58,
      "price_per_lb": 4.12
    },
    "related_items": "None"
  },
  {
    "image": "https://shop.kimelo.com/_next/image?url=https%3A%2F%2Fd3tlizm80tjdt4.cloudfront.net%2Fimage%2F8966%2Fimage%2Fsm-0ad8abe6c7be4ec1371aa99b8a1fe80d.jpeg&w=3840&q=50",
    "url": "https://shop.kimelo.com/sku/cheese-provolone-sliced-8-15-lb-103601/103601",
    "name": "Cheese, Provolone, Sliced, (8) 1.5 Lb - 103601",
    "brand": "California Select Farms",
    "category": "Cheese > Sliced Cheese",
    "SKU": 103601,
    "UPC": 103601,
    "Warning": "This product can expose you to chemicals including arsenic, which is known to the State of California to cause cancer. For more information, go to www.P65Warnings.ca.gov",
    "CASE": {
      "count": 8,
      "dimension": "L 1\" x W 1\" x H 1\"",
      "weight": 1.5,
      "price": 52.64,
      "price_per_lb": 4.39
    },
    "EACH": {
      "count": "1 Item",
      "dimension": "L 1\" x W 1\" x H 1\"",
      "weight": 0.1875,
      "price": 6.58,
      "price_per_lb": 4.39
    },
    "related_items": "None"
  },
  {
    "image": "https://shop.kimelo.com/_next/image?url=https%3A%2F%2Fd3tlizm80tjdt4.cloudfront.net%2Fremote_images%2Fimage%2F2271%2Fsmall%2F7de5ff58f2fa420e59ed1a97ee95b035b5f2ecaaba98eada2b.jpg&w=3840&q=50",
    "url": "https://shop.kimelo.com/sku/cheese-feta-rbst-free-estia-24-lb-124006/124006",
    "name": "Cheese, Feta, Rbst Free, Estia, 24 Lb 124006",
    "brand": "Estia",
    "category": "Cheese > Specialty Cheese",
    "SKU": 124006,
    "UPC": 124006,
    "Warning": "This product can expose you to chemicals including arsenic, which is known to the State of California to cause cancer. For more information, go to www.P65Warnings.ca.gov",
    "CASE": {
      "count": 1,
      "dimension": "L 1\" x W 1\" x H 1\"",
      "weight": 24.0,
      "price": 110.02,
      "price_per_lb": 4.58
    },
    "EACH": {
      "count": "1 Item",
      "dimension": "L 1\" x W 1\" x H 1\"",
      "weight": 24.0,
      "price": 110.02,
      "price_per_lb": 4.58
    },
    "related_items": [
      {
        "name": "Cheese, Feta, French, Pail, Valbreso, 18 Lb Avg - 123797",
        "brand": "Valbreso",
        "price": "$125.10",
        "price_per_lb": "$6.95/lb"
      },
      {
        "name": "Cheese, Feta, Bulgarian, In Brine, 1/7 Kg - 106845",
        "brand": "Atalanta",
        "price": "$72.00",
        "price_per_lb": "$4.80/lb"
      }
    ]
  },
  {
    "image": "https://shop.kimelo.com/_next/image?url=https%3A%2F%2Fd3tlizm80tjdt4.cloudfront.net%2Fimage%2F7273%2Fimage%2Fsm-77f3fe57315491b5b760f3c783c2ce89.jpg&w=3840&q=50",
    "url": "https://shop.kimelo.com/sku/cheese-monterey-jack-shredded-fancy-4-5-lb-108930/108930",
    "name": "Cheese, Monterey Jack, Shredded, Fancy, (4) 5 Lb - 108930",
    "brand": "Cheswick",
    "category": "Cheese > Shredded Cheese",
    "SKU": 108930,
    "UPC": 108930,
    "Warning": "This product can expose you to chemicals including arsenic, which is known to the State of California to cause cancer. For more information, go to www.P65Warnings.ca.gov",
    "CASE": {
      "count": 4,
      "dimension": "L 1\" x W 1\" x H 1\"",
      "weight": 5.0,
      "price": 65.04,
      "price_per_lb": 3.25
    },
    "EACH": {
      "count": "1 Item",
      "dimension": "L 1\" x W 1\" x H 1\"",
      "weight": 1.25,
      "price": 16.26,
      "price_per_lb": 3.25
    },
    "related_items": [
      {
        "name": "Cheese, Monterey Jack, Block, 40 Lb Avg - 103562",
        "brand": "Packer",
        "price": "$112.00",
        "price_per_lb": "$2.80/lb"
      },
      {
        "name": "Cheese, Monterey Jack, Sliced, (8) 1.5 Lb - 103599",
        "brand": "Cheese Crafters",
        "price": "$5.97",
        "price_per_lb": "$3.98/lb"
      }
    ]
  },
  {
    "image": "https://shop.kimelo.com/_next/image?url=https%3A%2F%2Fd3tlizm80tjdt4.cloudfront.net%2Fremote_images%2Fimage%2F1031%2Fsmall%2F1eadcc43f580efc477560afb62f337d4bfeb222e8f63032220.jpg&w=3840&q=50",
    "url": "https://shop.kimelo.com/sku/cheese-goat-crumbled-22-lb-123365/123365",
    "name": "Cheese, Goat, Crumbled, 2/2 Lb - 123365",
    "brand": "President",
    "category": "Cheese > Specialty Cheese",
    "SKU": 123365,
    "UPC": 123365,
    "Warning": "This product can expose you to chemicals including arsenic, which is known to the State of California to cause cancer. For more information, go to www.P65Warnings.ca.gov",
    "CASE": {
      "count": 1,
      "dimension": "L 1\" x W 1\" x H 1\"",
      "weight": 4.0,
      "price": 33.4,
      "price_per_lb": 8.35
    },
    "EACH": {
      "count": "1 Item",
      "dimension": "L 1\" x W 1\" x H 1\"",
      "weight": 4.0,
      "price": 33.4,
      "price_per_lb": 8.35
    },
    "related_items": [
      {
        "name": "Cheese, Goat, Chefs, Chevre, Tub, (2) 4 Lb - 103638",
        "brand": "Laura Chenel",
        "price": "$37.66",
        "price_per_lb": "$9.42/lb"
      }
    ]
  },
  {
    "image": "https://shop.kimelo.com/_next/image?url=https%3A%2F%2Fd3tlizm80tjdt4.cloudfront.net%2Fremote_images%2Fimage%2F7236%2Fsmall%2Fe06462a3ca2ee281ec7fdc39e2aecc73c78ebcb6f4d822cc2b.jpg&w=3840&q=50",
    "url": "https://shop.kimelo.com/sku/cheese-monterey-jack-shredded-feather-45-lb-125786/125786",
    "name": "Cheese, Monterey Jack, Shredded, Feather, 4/5 Lb 125786",
    "brand": "Packer",
    "category": "Cheese > Sliced Cheese",
    "SKU": 125786,
    "UPC": 125786,
    "Warning": "This product can expose you to chemicals including arsenic, which is known to the State of California to cause cancer. For more information, go to www.P65Warnings.ca.gov",
    "CASE": {
      "count": 1,
      "dimension": "L 1\" x W 1\" x H 1\"",
      "weight": 20.0,
      "price": 53.01,
      "price_per_lb": 2.65
    },
    "EACH": {
      "count": "1 Item",
      "dimension": "L 1\" x W 1\" x H 1\"",
      "weight": 20.0,
      "price": 53.01,
      "price_per_lb": 2.65
    },
    "related_items": "None"
  },
  {
    "image": "https://shop.kimelo.com/_next/image?url=https%3A%2F%2Fd3tlizm80tjdt4.cloudfront.net%2Fremote_images%2Fimage%2F7584%2Fsmall%2Fb039cbd43e667de1a64536054485d5b35e81ec59d3181edf0f.jpg&w=3840&q=50",
    "url": "https://shop.kimelo.com/sku/cheese-goat-chefs-chevre-tub-2-4-lb-103638/103638",
    "name": "Cheese, Goat, Chefs, Chevre, Tub, (2) 4 Lb - 103638",
    "brand": "Laura Chenel",
    "category": "Cheese > Specialty Cheese",
    "SKU": 103638,
    "UPC": 103638,
    "Warning": "This product can expose you to chemicals including arsenic, which is known to the State of California to cause cancer. For more information, go to www.P65Warnings.ca.gov",
    "CASE": {
      "count": 2,
      "dimension": "L 1\" x W 1\" x H 1\"",
      "weight": 4.0,
      "price": 75.32,
      "price_per_lb": 9.42
    },
    "EACH": {
      "count": "1 Item",
      "dimension": "L 1\" x W 1\" x H 1\"",
      "weight": 2.0,
      "price": 37.66,
      "price_per_lb": 9.42
    },
    "related_items": [
      {
        "name": "Cheese, Goat, Crumbled, 2/2 Lb - 123365",
        "brand": "President",
        "price": "$33.40",
        "price_per_lb": "$8.35/lb"
      }
    ]
  },
  {
    "image": "https://shop.kimelo.com/_next/image?url=https%3A%2F%2Fd3tlizm80tjdt4.cloudfront.net%2Fimage%2F8967%2Fimage%2Fsm-e52f47ae6c00dd8381ee99b9ffda17dd.jpeg&w=3840&q=50",
    "url": "https://shop.kimelo.com/sku/cheese-swiss-sliced-8-15-lb-103602/103602",
    "name": "Cheese, Swiss, Sliced, (8) 1.5 Lb - 103602",
    "brand": "California Select Farms",
    "category": "Cheese > Sliced Cheese",
    "SKU": 103602,
    "UPC": 103602,
    "Warning": "This product can expose you to chemicals including arsenic, which is known to the State of California to cause cancer. For more information, go to www.P65Warnings.ca.gov",
    "CASE": {
      "count": 8,
      "dimension": "L 1\" x W 1\" x H 1\"",
      "weight": 1.5,
      "price": 64.96,
      "price_per_lb": 5.41
    },
    "EACH": {
      "count": "1 Item",
      "dimension": "L 1\" x W 1\" x H 1\"",
      "weight": 0.1875,
      "price": 8.12,
      "price_per_lb": 5.41
    },
    "related_items": "None"
  },
  {
    "image": "https://shop.kimelo.com/_next/image?url=https%3A%2F%2Fd3tlizm80tjdt4.cloudfront.net%2Fremote_images%2Fimage%2F8356%2Fsmall%2Faff0b27efbbacc48d63e4ae9d5ec402d6b6afe2ad94847dca5.jpg&w=3840&q=50",
    "url": "https://shop.kimelo.com/sku/cheese-swiss-loaf-grade-a-8-lb-avg-6/374191",
    "name": "Cheese, Swiss, Loaf, Grade A, 8 Lb Avg (6)",
    "brand": "Pacific Cheese",
    "category": "Cheese > Sliced Cheese",
    "SKU": 374191,
    "UPC": 374191,
    "Warning": "This product can expose you to chemicals including arsenic, which is known to the State of California to cause cancer. For more information, go to www.P65Warnings.ca.gov",
    "CASE": {
      "count": 6,
      "dimension": "L 1\" x W 1\" x H 1\"",
      "weight": 48.0,
      "price": 201.6,
      "price_per_lb": 4.2
    },
    "EACH": {
      "count": "1 Item",
      "dimension": "L 1\" x W 1\" x H 1\"",
      "weight": 8.0,
      "price": 33.6,
      "price_per_lb": 33.6
    },
    "related_items": "None"
  },
  {
    "image": "https://shop.kimelo.com/_next/image?url=https%3A%2F%2Fd3tlizm80tjdt4.cloudfront.net%2Fremote_images%2Fimage%2F7674%2Fsmall%2Fd6f2f5e1dcdf0874f7bfedc969aead3f8aa0af8033196b2d75.jpg&w=3840&q=50",
    "url": "https://shop.kimelo.com/sku/cheese-cream-bulk-30-lb-103662/103662",
    "name": "Cheese, Cream, Bulk, 30 Lb - 103662",
    "brand": "Packer",
    "category": "Cheese > Cream Cheese",
    "SKU": 103662,
    "UPC": 103662,
    "Warning": "This product can expose you to chemicals including arsenic, which is known to the State of California to cause cancer. For more information, go to www.P65Warnings.ca.gov",
    "CASE": {
      "count": 1,
      "dimension": "L 1\" x W 1\" x H 1\"",
      "weight": 30.98,
      "price": 70.05,
      "price_per_lb": 2.34
    },
    "EACH": {
      "count": "1 Item",
      "dimension": "L 1\" x W 1\" x H 1\"",
      "weight": 30.98,
      "price": 70.05,
      "price_per_lb": 2.34
    },
    "related_items": [
      {
        "name": "Cheese, Cream, Loaf, Philadelphia, (6) 3 Lb - 103663",
        "brand": "Philadelphia",
        "price": "$16.13",
        "price_per_lb": "$5.38/lb"
      },
      {
        "name": "Cheese, Cream, Loaf, 10/3 Lb - 112699",
        "brand": "Raskas",
        "price": "$85.56",
        "price_per_lb": "$2.85/lb"
      }
    ]
  },
  {
    "image": "https://shop.kimelo.com/_next/image?url=https%3A%2F%2Fd3tlizm80tjdt4.cloudfront.net%2Fremote_images%2Fimage%2F1912%2Fsmall%2Ff31c646bfa3f07281c27762b126aee2f792632f3d44342335b.jpg&w=3840&q=50",
    "url": "https://shop.kimelo.com/sku/cheese-paneer-gopi-1514-oz-124005/124005",
    "name": "Cheese, Paneer, Gopi, 15/14 Oz 124005",
    "brand": "Gopi",
    "category": "Cheese > Sliced Cheese",
    "SKU": 124005,
    "UPC": 124005,
    "Warning": "This product can expose you to chemicals including arsenic, which is known to the State of California to cause cancer. For more information, go to www.P65Warnings.ca.gov",
    "CASE": {
      "count": 1,
      "dimension": "L 1\" x W 1\" x H 1\"",
      "weight": 13.12,
      "price": 94.0,
      "price_per_lb": 7.23
    },
    "EACH": {
      "count": "1 Item",
      "dimension": "L 1\" x W 1\" x H 1\"",
      "weight": 13.12,
      "price": 94.0,
      "price_per_lb": 7.23
    },
    "related_items": "None"
  },
  {
    "image": "https://shop.kimelo.com/_next/image?url=https%3A%2F%2Fd3tlizm80tjdt4.cloudfront.net%2Fremote_images%2Fimage%2F7242%2Fsmall%2F45efa6a9c307f7f9d844c75f7ef87eab93a985461d20a81030.jpg&w=3840&q=50",
    "url": "https://shop.kimelo.com/sku/cheese-shredded-jack-cheddar-blend-feather-45-lb-125787/125787",
    "name": "Cheese, Shredded, Jack & Cheddar Blend, Feather, 4/5 Lb 125787",
    "brand": "Packer",
    "category": "Cheese > Shredded Cheese",
    "SKU": 125787,
    "UPC": 125787,
    "Warning": "This product can expose you to chemicals including arsenic, which is known to the State of California to cause cancer. For more information, go to www.P65Warnings.ca.gov",
    "CASE": {
      "count": 1,
      "dimension": "L 1\" x W 1\" x H 1\"",
      "weight": 20.0,
      "price": 55.56,
      "price_per_lb": 2.78
    },
    "EACH": {
      "count": "1 Item",
      "dimension": "L 1\" x W 1\" x H 1\"",
      "weight": 20.0,
      "price": 55.56,
      "price_per_lb": 2.78
    },
    "related_items": "None"
  },
  {
    "image": "https://shop.kimelo.com/_next/image?url=https%3A%2F%2Fd3tlizm80tjdt4.cloudfront.net%2Fimage%2F16001%2Fimage%2Fsm-d62189f66ce8c51c9bbbd406104ca89e.png&w=3840&q=50",
    "url": "https://shop.kimelo.com/sku/cheese-cheddar-sharp-white-10-lb-111680/111680",
    "name": "Cheese, Cheddar, Sharp, White, 10 Lb - 111680",
    "brand": "Hoffman`s",
    "category": "Cheese > Sliced Cheese",
    "SKU": 111680,
    "UPC": 111680,
    "Warning": "This product can expose you to chemicals including arsenic, which is known to the State of California to cause cancer. For more information, go to www.P65Warnings.ca.gov",
    "CASE": {
      "count": 1,
      "dimension": "L 1\" x W 1\" x H 1\"",
      "weight": 10.0,
      "price": 41.88,
      "price_per_lb": 4.19
    },
    "EACH": {
      "count": "1 Item",
      "dimension": "L 1\" x W 1\" x H 1\"",
      "weight": 10.0,
      "price": 41.88,
      "price_per_lb": 4.19
    },
    "related_items": [
      {
        "name": "Cheese, Cheddar, Mild, Sliced, (8) - 103600",
        "brand": "California Select Farms",
        "price": "$6.89",
        "price_per_lb": "$4.59/lb"
      },
      {
        "name": "Cheese, Cheddar, Medium, Loaf, (2) 5lb - 106815",
        "brand": "Tillamook",
        "price": "$30.08",
        "price_per_lb": "$6.02/lb"
      }
    ]
  },
  {
    "image": "https://shop.kimelo.com/_next/image?url=https%3A%2F%2Fd3tlizm80tjdt4.cloudfront.net%2Fimage%2F15256%2Fimage%2Fsm-6c299387672a8119d43997e98fcbcfc1.png&w=3840&q=50",
    "url": "https://shop.kimelo.com/sku/cheese-pepper-jack-loaf-8-103672/103672",
    "name": "Cheese, Pepper Jack, Loaf (8) 103672",
    "brand": "Cheswick",
    "category": "Cheese > Cheese Loaf",
    "SKU": 103672,
    "UPC": 103672,
    "Warning": "This product can expose you to chemicals including arsenic, which is known to the State of California to cause cancer. For more information, go to www.P65Warnings.ca.gov",
    "CASE": {
      "count": 8,
      "dimension": "L 1\" x W 1\" x H 1\"",
      "weight": 5.0,
      "price": 139.76,
      "price_per_lb": 3.49
    },
    "EACH": {
      "count": "1 Item",
      "dimension": "L 1\" x W 1\" x H 1\"",
      "weight": 0.625,
      "price": 17.47,
      "price_per_lb": 3.49
    },
    "related_items": [
      {
        "name": "Cheese, Monterey Jack, Shredded, Fancy, (4) 5 Lb - 108930",
        "brand": "Cheswick",
        "price": "$16.26",
        "price_per_lb": "$3.25/lb"
      },
      {
        "name": "Cheese, Pepperjack, Feather Shred, 4/5 Lb - 123794",
        "brand": "Cheswick",
        "price": "$65.72",
        "price_per_lb": "$3.29/lb"
      },
      {
        "name": "Cheese, Monterey Jack, Loaf, (2) 5 Lb - 107600",
        "brand": "Packer",
        "price": "$18.45",
        "price_per_lb": "$3.69/lb"
      },
      {
        "name": "Cheese, Monterey Jack, Shredded, Fancy, (4) 5 Lb - 108930",
        "brand": "Cheswick",
        "price": "$16.26",
        "price_per_lb": "$3.25/lb"
      },
      {
        "name": "Cheese, Pepperjack, Feather Shred, 4/5 Lb - 123794",
        "brand": "Cheswick",
        "price": "$65.72",
        "price_per_lb": "$3.29/lb"
      },
      {
        "name": "Cheese, Monterey Jack, Loaf, (2) 5 Lb - 107600",
        "brand": "Packer",
        "price": "$18.45",
        "price_per_lb": "$3.69/lb"
      },
      {
        "name": "Cheese, Monterey Jack, Shredded, Fancy, (4) 5 Lb - 108930",
        "brand": "Cheswick",
        "price": "$16.26",
        "price_per_lb": "$3.25/lb"
      },
      {
        "name": "Cheese, Pepperjack, Feather Shred, 4/5 Lb - 123794",
        "brand": "Cheswick",
        "price": "$65.72",
        "price_per_lb": "$3.29/lb"
      }
    ]
  },
  {
    "image": "https://shop.kimelo.com/_next/image?url=https%3A%2F%2Fd3tlizm80tjdt4.cloudfront.net%2Fimage%2F6242%2Fimage%2Fsm-9063431364cbcf7278cdde3f4d5f47fb.jpg&w=3840&q=50",
    "url": "https://shop.kimelo.com/sku/cheese-feta-bulgarian-in-brine-17-kg-106845/106845",
    "name": "Cheese, Feta, Bulgarian, In Brine, 1/7 Kg - 106845",
    "brand": "Atalanta",
    "category": "Cheese > Specialty Cheese",
    "SKU": 106845,
    "UPC": 106845,
    "Warning": "This product can expose you to chemicals including arsenic, which is known to the State of California to cause cancer. For more information, go to www.P65Warnings.ca.gov",
    "CASE": {
      "count": 1,
      "dimension": "L 1\" x W 1\" x H 1\"",
      "weight": 15.43,
      "price": 72.0,
      "price_per_lb": 4.8
    },
    "EACH": {
      "count": "1 Item",
      "dimension": "L 1\" x W 1\" x H 1\"",
      "weight": 15.43,
      "price": 72.0,
      "price_per_lb": 4.8
    },
    "related_items": [
      {
        "name": "Cheese, Feta, French, Pail, Valbreso, 18 Lb Avg - 123797",
        "brand": "Valbreso",
        "price": "$125.10",
        "price_per_lb": "$6.95/lb"
      }
    ]
  },
  {
    "image": "https://shop.kimelo.com/_next/image?url=https%3A%2F%2Fd3tlizm80tjdt4.cloudfront.net%2Fremote_images%2Fimage%2F1050%2Fsmall%2F4d39f5a7140280525c6242eaa3c6a455f2fea2640ccdf683fe.jpg&w=3840&q=50",
    "url": "https://shop.kimelo.com/sku/cheese-mozzarella-fresh-ovoline-galbani-23-lb-123382/123382",
    "name": "Cheese, Mozzarella, Fresh, Ovoline, Galbani, 2/3 Lb - 123382",
    "brand": "Galbani",
    "category": "Cheese > Specialty Cheese",
    "SKU": 123382,
    "UPC": 123382,
    "Warning": "This product can expose you to chemicals including arsenic, which is known to the State of California to cause cancer. For more information, go to www.P65Warnings.ca.gov",
    "CASE": {
      "count": 1,
      "dimension": "L 1\" x W 1\" x H 1\"",
      "weight": 6.0,
      "price": 34.67,
      "price_per_lb": 5.78
    },
    "EACH": {
      "count": "1 Item",
      "dimension": "L 1\" x W 1\" x H 1\"",
      "weight": 6.0,
      "price": 34.67,
      "price_per_lb": 5.78
    },
    "related_items": "None"
  },
  {
    "image": "https://shop.kimelo.com/_next/image?url=https%3A%2F%2Fd3tlizm80tjdt4.cloudfront.net%2Fremote_images%2Fimage%2F2018%2Fsmall%2Fe6aa96eb9c4f11476e530c078ea7e9331b62c1f1b0bd80fbcd.jpg&w=3840&q=50",
    "url": "https://shop.kimelo.com/sku/cheese-mozzarella-wmlm-shredded-red-label-65-lb-124189/124189",
    "name": "Cheese, Mozzarella, Wmlm, Shredded, Red Label, 6/5 Lb 124189",
    "brand": "Galbani",
    "category": "Cheese > Specialty Cheese",
    "SKU": 124189,
    "UPC": 124189,
    "Warning": "This product can expose you to chemicals including arsenic, which is known to the State of California to cause cancer. For more information, go to www.P65Warnings.ca.gov",
    "CASE": {
      "count": 1,
      "dimension": "L 1\" x W 1\" x H 1\"",
      "weight": 30.0,
      "price": 95.83,
      "price_per_lb": 3.19
    },
    "EACH": {
      "count": "1 Item",
      "dimension": "L 1\" x W 1\" x H 1\"",
      "weight": 30.0,
      "price": 95.83,
      "price_per_lb": 3.19
    },
    "related_items": [
      {
        "name": "Cheese, Mozzarella, Fresh, Ovoline, Galbani, 2/3 Lb - 123382",
        "brand": "Galbani",
        "price": "$34.67",
        "price_per_lb": "$5.78/lb"
      }
    ]
  },
  {
    "image": "https://shop.kimelo.com/_next/image?url=https%3A%2F%2Fd3tlizm80tjdt4.cloudfront.net%2Fremote_images%2Fimage%2F7214%2Fsmall%2Fe9ab65ec35fd13418c56e43a697f0cd6f2464279cf92c5e10b.jpg&w=3840&q=50",
    "url": "https://shop.kimelo.com/sku/cheese-mozzarella-lmwm-cali-gold-loaf-86-lb-125724/125724",
    "name": "Cheese, Mozzarella, Lmwm, Cali Gold, Loaf, 8/6 Lb 125724",
    "brand": "California Gold",
    "category": "Cheese > Cheese Loaf",
    "SKU": 125724,
    "UPC": 125724,
    "Warning": "This product can expose you to chemicals including arsenic, which is known to the State of California to cause cancer. For more information, go to www.P65Warnings.ca.gov",
    "CASE": {
      "count": 1,
      "dimension": "L 1\" x W 1\" x H 1\"",
      "weight": 48.0,
      "price": 104.08,
      "price_per_lb": 2.17
    },
    "EACH": {
      "count": "1 Item",
      "dimension": "L 1\" x W 1\" x H 1\"",
      "weight": 48.0,
      "price": 104.08,
      "price_per_lb": 2.17
    },
    "related_items": "None"
  },
  {
    "image": "https://shop.kimelo.com/_next/image?url=https%3A%2F%2Fd3tlizm80tjdt4.cloudfront.net%2Fremote_images%2Fimage%2F9657%2Fsmall%2F5ab654f51d8f2e0ef8a931a3ab768ea564c152a1904483a59b.jpg&w=3840&q=50",
    "url": "https://shop.kimelo.com/sku/cheese-cream-cheese-philadelphia-portions-cups-111589/41530",
    "name": "Cheese, Cream Cheese, Philadelphia, Portions, Cups - 111589",
    "brand": "Kraft",
    "category": "Cheese > Cream Cheese",
    "SKU": 41530,
    "UPC": 41530,
    "Warning": "This product can expose you to chemicals including arsenic, which is known to the State of California to cause cancer. For more information, go to www.P65Warnings.ca.gov",
    "CASE": {
      "count": 1,
      "dimension": "L 1\" x W 1\" x H 1\"",
      "weight": 6.25,
      "price": 51.49,
      "price_per_lb": 0.51
    },
    "EACH": {
      "count": "1 Item",
      "dimension": "L 1\" x W 1\" x H 1\"",
      "weight": 6.25,
      "price": 51.49,
      "price_per_lb": 0.51
    },
    "related_items": "None"
  },
  {
    "image": "https://shop.kimelo.com/_next/image?url=https%3A%2F%2Fd3tlizm80tjdt4.cloudfront.net%2Fremote_images%2Fimage%2F2224%2Fsmall%2F7cb4d700b40ef33831a2d0c139d2be7237896927905a07bab6.jpg&w=3840&q=50",
    "url": "https://shop.kimelo.com/sku/cheese-feta-sheepgoat-imported-ziria-14-kg-124111/124111",
    "name": "Cheese, Feta, Sheep/goat, Imported, Ziria, 14 Kg 124111",
    "brand": "Ziria",
    "category": "Cheese > Specialty Cheese",
    "SKU": 124111,
    "UPC": 124111,
    "Warning": "This product can expose you to chemicals including arsenic, which is known to the State of California to cause cancer. For more information, go to www.P65Warnings.ca.gov",
    "CASE": {
      "count": 1,
      "dimension": "L 1\" x W 1\" x H 1\"",
      "weight": 31.0,
      "price": 166.17,
      "price_per_lb": 5.36
    },
    "EACH": {
      "count": "1 Item",
      "dimension": "L 1\" x W 1\" x H 1\"",
      "weight": 31.0,
      "price": 166.17,
      "price_per_lb": 5.36
    },
    "related_items": [
      {
        "name": "Cheese, Feta, French, Pail, Valbreso, 18 Lb Avg - 123797",
        "brand": "Valbreso",
        "price": "$125.10",
        "price_per_lb": "$6.95/lb"
      },
      {
        "name": "Cheese, Feta, Rbst Free, Estia, 24 Lb 124006",
        "brand": "Estia",
        "price": "$110.02",
        "price_per_lb": "$4.58/lb"
      }
    ]
  },
  {
    "image": "https://shop.kimelo.com/_next/image?url=https%3A%2F%2Fd3tlizm80tjdt4.cloudfront.net%2Fremote_images%2Fimage%2F5355%2Fsmall%2F813a16121b3359e9889266333999b54523e3768c6a5fb0829b.jpg&w=3840&q=50",
    "url": "https://shop.kimelo.com/sku/cheese-processed-american-yellow-slices-160-ct-45-lb-125636/125636",
    "name": "Cheese, Processed, American, Yellow, Slices, 160 Ct, 4/5 Lb 125636",
    "brand": "Schreiber",
    "category": "Cheese > Sliced Cheese",
    "SKU": 125636,
    "UPC": 125636,
    "Warning": "This product can expose you to chemicals including arsenic, which is known to the State of California to cause cancer. For more information, go to www.P65Warnings.ca.gov",
    "CASE": {
      "count": 1,
      "dimension": "L 1\" x W 1\" x H 1\"",
      "weight": 20.0,
      "price": 72.32,
      "price_per_lb": "None"
    },
    "EACH": {
      "count": "1 Item",
      "dimension": "L 1\" x W 1\" x H 1\"",
      "weight": 20.0,
      "price": 72.32,
      "price_per_lb": "None"
    },
    "related_items": "None"
  },
  {
    "image": "https://shop.kimelo.com/_next/image?url=https%3A%2F%2Fd3tlizm80tjdt4.cloudfront.net%2Fimage%2F1474%2Fimage%2Fsm-f655d358744b5afb25fbb0300dcbd7e9.jpg&w=3840&q=50",
    "url": "https://shop.kimelo.com/sku/cheese-swiss-sliced-processed-120-ct-4-5-lb-100014/100014",
    "name": "Cheese, Swiss, Sliced, Processed, 120 Ct, (4) 5 Lb - 100014",
    "brand": "Commodity Cheese",
    "category": "Cheese > Sliced Cheese",
    "SKU": 100014,
    "UPC": 100014,
    "Warning": "This product can expose you to chemicals including arsenic, which is known to the State of California to cause cancer. For more information, go to www.P65Warnings.ca.gov",
    "CASE": {
      "count": 4,
      "dimension": "L 1\" x W 1\" x H 1\"",
      "weight": 5.14,
      "price": 77.88,
      "price_per_lb": 3.89
    },
    "EACH": {
      "count": "1 Item",
      "dimension": "L 1\" x W 1\" x H 1\"",
      "weight": 1.285,
      "price": 19.47,
      "price_per_lb": 3.89
    },
    "related_items": [
      {
        "name": "Cheese, American, 120 Slice, Yellow, (4) 5 Lb - 103674",
        "brand": "Schreiber",
        "price": "$16.76",
        "price_per_lb": "$3.35/lb"
      }
    ]
  },
  {
    "image": "https://shop.kimelo.com/_next/image?url=https%3A%2F%2Fd3tlizm80tjdt4.cloudfront.net%2Fremote_images%2Fimage%2F7730%2Fsmall%2F66c3c8d496d6f67e6986f5b051fc2aa6406223c1602f88978c.jpg&w=3840&q=50",
    "url": "https://shop.kimelo.com/sku/cheese-mozzarella-pslm-cali-gold-loaf-86-lb-125986/125986",
    "name": "Cheese, Mozzarella, Pslm, Cali Gold, Loaf, 8/6 Lb 125986",
    "brand": "California Gold",
    "category": "Cheese > Specialty Cheese",
    "SKU": 125986,
    "UPC": 125986,
    "Warning": "This product can expose you to chemicals including arsenic, which is known to the State of California to cause cancer. For more information, go to www.P65Warnings.ca.gov",
    "CASE": {
      "count": 1,
      "dimension": "L 1\" x W 1\" x H 1\"",
      "weight": 48.0,
      "price": 100.16,
      "price_per_lb": 2.09
    },
    "EACH": {
      "count": "1 Item",
      "dimension": "L 1\" x W 1\" x H 1\"",
      "weight": 48.0,
      "price": 100.16,
      "price_per_lb": 2.09
    },
    "related_items": "None"
  },
  {
    "image": "https://shop.kimelo.com/_next/image?url=https%3A%2F%2Fd3tlizm80tjdt4.cloudfront.net%2Fimage%2F12274%2Fimage%2Fsm-64a4aa1bc8ce6d4a0e316c4b84cca0b9.png&w=3840&q=50",
    "url": "https://shop.kimelo.com/sku/cheese-parmesan-wheel-usa-20-lb-avg-112306/112306",
    "name": "Cheese, Parmesan, Wheel, Usa, 20 Lb Avg - 112306",
    "brand": "Galbani",
    "category": "Cheese > Cheese Wheel",
    "SKU": 112306,
    "UPC": 112306,
    "Warning": "This product can expose you to chemicals including arsenic, which is known to the State of California to cause cancer. For more information, go to www.P65Warnings.ca.gov",
    "CASE": {
      "count": 1,
      "dimension": "L 1\" x W 1\" x H 1\"",
      "weight": 20.0,
      "price": 111.67,
      "price_per_lb": 5.58
    },
    "EACH": {
      "count": "1 Item",
      "dimension": "L 1\" x W 1\" x H 1\"",
      "weight": 20.0,
      "price": 111.67,
      "price_per_lb": 5.58
    },
    "related_items": [
      {
        "name": "Cheese, Parmesan, Shaved, (4) 5 Lb - 106816",
        "brand": "Galbani",
        "price": "$26.44",
        "price_per_lb": "$5.29/lb"
      },
      {
        "name": "Cheese, Parmesan, Grated, Imported, (4) 5 Lb - 111522",
        "brand": "Galbani",
        "price": "$30.18",
        "price_per_lb": "$6.04/lb"
      }
    ]
  },
  {
    "image": "https://shop.kimelo.com/_next/image?url=https%3A%2F%2Fd3tlizm80tjdt4.cloudfront.net%2Fremote_images%2Fimage%2F7673%2Fsmall%2F0b979f0fa945c83473934cf317ee8339e16a68ae1af19108f3.jpg&w=3840&q=50",
    "url": "https://shop.kimelo.com/sku/cheese-feta-in-brine-pail-2-8-lb-124284/124284",
    "name": "Cheese, Feta, In Brine, Pail, (2) 8 Lb 124284",
    "brand": "Cucina",
    "category": "Cheese > Specialty Cheese",
    "SKU": 124284,
    "UPC": 124284,
    "Warning": "This product can expose you to chemicals including arsenic, which is known to the State of California to cause cancer. For more information, go to www.P65Warnings.ca.gov",
    "CASE": {
      "count": 2,
      "dimension": "L 1\" x W 1\" x H 1\"",
      "weight": 8.0,
      "price": 58.88,
      "price_per_lb": 3.68
    },
    "EACH": {
      "count": "1 Item",
      "dimension": "L 1\" x W 1\" x H 1\"",
      "weight": 4.0,
      "price": 29.44,
      "price_per_lb": 3.68
    },
    "related_items": [
      {
        "name": "Cheese, Feta, French, Pail, Valbreso, 18 Lb Avg - 123797",
        "brand": "Valbreso",
        "price": "$125.10",
        "price_per_lb": "$6.95/lb"
      }
    ]
  },
  {
    "image": "https://shop.kimelo.com/_next/image?url=https%3A%2F%2Fd3tlizm80tjdt4.cloudfront.net%2Fimage%2F13945%2Fimage%2Fsm-beec542c40fb4977939baab11abd9a9c.png&w=3840&q=50",
    "url": "https://shop.kimelo.com/sku/cheese-cream-loaf-103-lb-112699/112699",
    "name": "Cheese, Cream, Loaf, 10/3 Lb - 112699",
    "brand": "Raskas",
    "category": "Cheese > Cheese Loaf",
    "SKU": 112699,
    "UPC": 112699,
    "Warning": "This product can expose you to chemicals including arsenic, which is known to the State of California to cause cancer. For more information, go to www.P65Warnings.ca.gov",
    "CASE": {
      "count": 1,
      "dimension": "L 1\" x W 1\" x H 1\"",
      "weight": 30.0,
      "price": 85.56,
      "price_per_lb": 2.85
    },
    "EACH": {
      "count": "1 Item",
      "dimension": "L 1\" x W 1\" x H 1\"",
      "weight": 30.0,
      "price": 85.56,
      "price_per_lb": 2.85
    },
    "related_items": [
      {
        "name": "Cheese, Cream, Bulk, 30 Lb - 103662",
        "brand": "Packer",
        "price": "$70.05",
        "price_per_lb": "$2.34/lb"
      },
      {
        "name": "Cheese, Cream, Loaf, Philadelphia, (6) 3 Lb - 103663",
        "brand": "Philadelphia",
        "price": "$16.13",
        "price_per_lb": "$5.38/lb"
      }
    ]
  },
  {
    "image": "https://shop.kimelo.com/_next/image?url=https%3A%2F%2Fd3tlizm80tjdt4.cloudfront.net%2Fremote_images%2Fimage%2F2228%2Fsmall%2Ff9ce4763fea7376f93257d4fc25b186ab2c423231574348ceb.jpg&w=3840&q=50",
    "url": "https://shop.kimelo.com/sku/cheese-kefalotyri-hard-wheel-greek-import-18-lb-avg-124125/124125",
    "name": "Cheese, Kefalotyri, Hard, Wheel, Greek, Import, 18 Lb Avg 124125",
    "brand": "Metsobo A.e.",
    "category": "Cheese > Sliced Cheese",
    "SKU": 124125,
    "UPC": 124125,
    "Warning": "This product can expose you to chemicals including arsenic, which is known to the State of California to cause cancer. For more information, go to www.P65Warnings.ca.gov",
    "CASE": {
      "count": 1,
      "dimension": "L 1\" x W 1\" x H 1\"",
      "weight": 18.0,
      "price": 156.06,
      "price_per_lb": 8.67
    },
    "EACH": {
      "count": "1 Item",
      "dimension": "L 1\" x W 1\" x H 1\"",
      "weight": 18.0,
      "price": 156.06,
      "price_per_lb": 8.67
    },
    "related_items": "None"
  },
  {
    "image": "https://shop.kimelo.com/_next/image?url=https%3A%2F%2Fd3tlizm80tjdt4.cloudfront.net%2Fremote_images%2Fimage%2F1998%2Fsmall%2F92cb453b056d15b02a89fefb67e39797fc58b0a4398a29b53f.jpg&w=3840&q=50",
    "url": "https://shop.kimelo.com/sku/cheese-halloumi-tradition-greek-import-4088-oz-124144/124144",
    "name": "Cheese, Halloumi, Tradition, Greek, Import, 40/8.8 Oz 124144",
    "brand": "Alambra",
    "category": "Cheese > Sliced Cheese",
    "SKU": 124144,
    "UPC": 124144,
    "Warning": "This product can expose you to chemicals including arsenic, which is known to the State of California to cause cancer. For more information, go to www.P65Warnings.ca.gov",
    "CASE": {
      "count": 1,
      "dimension": "L 1\" x W 1\" x H 1\"",
      "weight": 20.0,
      "price": 197.35,
      "price_per_lb": 8.97
    },
    "EACH": {
      "count": "1 Item",
      "dimension": "L 1\" x W 1\" x H 1\"",
      "weight": 20.0,
      "price": 197.35,
      "price_per_lb": 8.97
    },
    "related_items": "None"
  },
  {
    "image": "https://shop.kimelo.com/_next/image?url=https%3A%2F%2Fd3tlizm80tjdt4.cloudfront.net%2Fimage%2F10347%2Fimage%2Fsm-e678c1718263a65a402310e22e32ac8a.jpg&w=3840&q=50",
    "url": "https://shop.kimelo.com/sku/cheese-cheddar-sharp-slcd-interleaf-075-oz-8-103603/103603",
    "name": "Cheese, Cheddar, Sharp, Slcd, Interleaf, 0.75 Oz, (8)  103603",
    "brand": "California Select Farms",
    "category": "Cheese > Sliced Cheese",
    "SKU": 103603,
    "UPC": 103603,
    "Warning": "This product can expose you to chemicals including arsenic, which is known to the State of California to cause cancer. For more information, go to www.P65Warnings.ca.gov",
    "CASE": {
      "count": 8,
      "dimension": "L 1\" x W 1\" x H 1\"",
      "weight": 1.5,
      "price": 76.48,
      "price_per_lb": 6.37
    },
    "EACH": {
      "count": "1 Item",
      "dimension": "L 1\" x W 1\" x H 1\"",
      "weight": 0.1875,
      "price": 9.56,
      "price_per_lb": 6.37
    },
    "related_items": [
      {
        "name": "Cheese, Cheddar, Mild, Sliced, (8) - 103600",
        "brand": "California Select Farms",
        "price": "$6.89",
        "price_per_lb": "$4.59/lb"
      },
      {
        "name": "Cheese, Cheddar, Medium, Loaf, (2) 5lb - 106815",
        "brand": "Tillamook",
        "price": "$30.08",
        "price_per_lb": "$6.02/lb"
      }
    ]
  },
  {
    "image": "https://shop.kimelo.com/_next/image?url=https%3A%2F%2Fd3tlizm80tjdt4.cloudfront.net%2Fimage%2F9201%2Fimage%2Fsm-4b09eacd768b0bf3bc71bca949fe2915.jpg&w=3840&q=50",
    "url": "https://shop.kimelo.com/sku/cheese-monterey-jack-sliced-8-15-lb-103599/103599",
    "name": "Cheese, Monterey Jack, Sliced, (8) 1.5 Lb - 103599",
    "brand": "Cheese Crafters",
    "category": "Cheese > Sliced Cheese",
    "SKU": 103599,
    "UPC": 103599,
    "Warning": "This product can expose you to chemicals including arsenic, which is known to the State of California to cause cancer. For more information, go to www.P65Warnings.ca.gov",
    "CASE": {
      "count": 8,
      "dimension": "L 1\" x W 1\" x H 1\"",
      "weight": 1.5,
      "price": 47.76,
      "price_per_lb": 3.98
    },
    "EACH": {
      "count": "1 Item",
      "dimension": "L 1\" x W 1\" x H 1\"",
      "weight": 0.1875,
      "price": 5.97,
      "price_per_lb": 3.98
    },
    "related_items": [
      {
        "name": "Cheese, Monterey Jack, Block, 40 Lb Avg - 103562",
        "brand": "Packer",
        "price": "$112.00",
        "price_per_lb": "$2.80/lb"
      },
      {
        "name": "Cheese, Monterey Jack, Shredded, Fancy, (4) 5 Lb - 108930",
        "brand": "Cheswick",
        "price": "$16.26",
        "price_per_lb": "$3.25/lb"
      }
    ]
  },
  {
    "image": "https://shop.kimelo.com/_next/image?url=https%3A%2F%2Fd3tlizm80tjdt4.cloudfront.net%2Fimage%2F5981%2Fimage%2Fsm-8006f8100c50aee751d5e74b228445bf.jpg&w=3840&q=50",
    "url": "https://shop.kimelo.com/sku/cheese-monterey-jack-loaf-2-5-lb-107600/107600",
    "name": "Cheese, Monterey Jack, Loaf, (2) 5 Lb - 107600",
    "brand": "Packer",
    "category": "Cheese > Cheese Loaf",
    "SKU": 107600,
    "UPC": 107600,
    "Warning": "This product can expose you to chemicals including arsenic, which is known to the State of California to cause cancer. For more information, go to www.P65Warnings.ca.gov",
    "CASE": {
      "count": 2,
      "dimension": "L 1\" x W 1\" x H 1\"",
      "weight": 5.0,
      "price": 36.9,
      "price_per_lb": 3.69
    },
    "EACH": {
      "count": "1 Item",
      "dimension": "L 1\" x W 1\" x H 1\"",
      "weight": 2.5,
      "price": 18.45,
      "price_per_lb": 3.69
    },
    "related_items": [
      {
        "name": "Cheese, Monterey Jack, Block, 40 Lb Avg - 103562",
        "brand": "Packer",
        "price": "$112.00",
        "price_per_lb": "$2.80/lb"
      }
    ]
  },
  {
    "image": "https://shop.kimelo.com/_next/image?url=https%3A%2F%2Fd3tlizm80tjdt4.cloudfront.net%2Fremote_images%2Fimage%2F14101%2Fsmall%2F59becfe7880750956b1c39a81e7f2bfef3437a4b464a2f5a69.jpg&w=3840&q=50",
    "url": "https://shop.kimelo.com/sku/cheese-cream-cheese-whipped-tub-philadelphia-6-377753-sku-172026/172026",
    "name": "Cheese, Cream Cheese, Whipped Tub, Philadelphia (6) 377753 - Sku 172026",
    "brand": "Kraft",
    "category": "Cheese > Cream Cheese",
    "SKU": 172026,
    "UPC": 172026,
    "Warning": "This product can expose you to chemicals including arsenic, which is known to the State of California to cause cancer. For more information, go to www.P65Warnings.ca.gov",
    "CASE": {
      "count": 6,
      "dimension": "L 1\" x W 1\" x H 1\"",
      "weight": 18.0,
      "price": 130.08,
      "price_per_lb": 7.23
    },
    "EACH": {
      "count": "1 Item",
      "dimension": "L 1\" x W 1\" x H 1\"",
      "weight": 3.0,
      "price": 21.68,
      "price_per_lb": 7.23
    },
    "related_items": "None"
  },
  {
    "image": "https://shop.kimelo.com/_next/image?url=https%3A%2F%2Fd3tlizm80tjdt4.cloudfront.net%2Fimage%2F7423%2Fimage%2Fsm-05cc51bafdb84958b8c527b8a3a8fecb.jpg&w=3840&q=50",
    "url": "https://shop.kimelo.com/sku/cheese-gruyere-imported-loaf-2-5-lb-108978/108978",
    "name": "Cheese, Gruyere, Imported, Loaf, (2) 5 Lb - 108978",
    "brand": "Packer",
    "category": "Cheese > Cheese Loaf",
    "SKU": 108978,
    "UPC": 108978,
    "Warning": "This product can expose you to chemicals including arsenic, which is known to the State of California to cause cancer. For more information, go to www.P65Warnings.ca.gov",
    "CASE": {
      "count": 2,
      "dimension": "L 1\" x W 1\" x H 1\"",
      "weight": 5.0,
      "price": 134.6,
      "price_per_lb": 13.46
    },
    "EACH": {
      "count": "1 Item",
      "dimension": "L 1\" x W 1\" x H 1\"",
      "weight": 2.5,
      "price": 67.3,
      "price_per_lb": 13.46
    },
    "related_items": "None"
  },
  {
    "image": "https://shop.kimelo.com/_next/image?url=https%3A%2F%2Fd3tlizm80tjdt4.cloudfront.net%2Fremote_images%2Fimage%2F8993%2Fsmall%2Fe5e6885ff13c2fe97bc05df189a3c03c0339d2260d615749a9.jpg&w=3840&q=50",
    "url": "https://shop.kimelo.com/sku/cheese-saganaki-hard-greek-import-7-lb-avg-6-125801/373628",
    "name": "Cheese, Saganaki, Hard, Greek, Import, 7 Lb Avg (6) 125801",
    "brand": "Metsobo A.e.",
    "category": "Cheese > Sliced Cheese",
    "SKU": 373628,
    "UPC": 373628,
    "Warning": "This product can expose you to chemicals including arsenic, which is known to the State of California to cause cancer. For more information, go to www.P65Warnings.ca.gov",
    "CASE": {
      "count": 6,
      "dimension": "L 1\" x W 1\" x H 1\"",
      "weight": 42.0,
      "price": 411.18,
      "price_per_lb": 9.79
    },
    "EACH": {
      "count": "1 Item",
      "dimension": "L 1\" x W 1\" x H 1\"",
      "weight": 7.0,
      "price": 68.53,
      "price_per_lb": 68.53
    },
    "related_items": "None"
  },
  {
    "image": "https://shop.kimelo.com/_next/image?url=https%3A%2F%2Fd3tlizm80tjdt4.cloudfront.net%2Fimage%2F13860%2Fimage%2Fsm-1505a5e7aa7570e69e7ca77cf4c49a97.png&w=3840&q=50",
    "url": "https://shop.kimelo.com/sku/cheese-blend-mozz-wm-ps-premio-shred-65-lb-112492/112492",
    "name": "Cheese, Blend, Mozz, Wm & Ps, Premio Shred, 6/5 Lb - 112492",
    "brand": "Galbani Premio",
    "category": "Cheese > Shredded Cheese",
    "SKU": 112492,
    "UPC": 112492,
    "Warning": "This product can expose you to chemicals including arsenic, which is known to the State of California to cause cancer. For more information, go to www.P65Warnings.ca.gov",
    "CASE": {
      "count": 1,
      "dimension": "L 1\" x W 1\" x H 1\"",
      "weight": 30.0,
      "price": 101.51,
      "price_per_lb": 3.38
    },
    "EACH": {
      "count": "1 Item",
      "dimension": "L 1\" x W 1\" x H 1\"",
      "weight": 30.0,
      "price": 101.51,
      "price_per_lb": 3.38
    },
    "related_items": "None"
  },
  {
    "image": "https://shop.kimelo.com/_next/image?url=https%3A%2F%2Fd3tlizm80tjdt4.cloudfront.net%2Fimage%2F11519%2Fimage%2Fsm-6f1eb10583921d3db8a9df08b378c1bd.jpeg&w=3840&q=50",
    "url": "https://shop.kimelo.com/sku/cheese-monterey-jack-block-40-lb-avg-103562/103562",
    "name": "Cheese, Monterey Jack, Block, 40 Lb Avg - 103562",
    "brand": "Packer",
    "category": "Cheese > Sliced Cheese",
    "SKU": 103562,
    "UPC": 103562,
    "Warning": "This product can expose you to chemicals including arsenic, which is known to the State of California to cause cancer. For more information, go to www.P65Warnings.ca.gov",
    "CASE": {
      "count": 1,
      "dimension": "L 1\" x W 1\" x H 1\"",
      "weight": 40.0,
      "price": 112.0,
      "price_per_lb": 2.8
    },
    "EACH": {
      "count": "1 Item",
      "dimension": "L 1\" x W 1\" x H 1\"",
      "weight": 40.0,
      "price": 112.0,
      "price_per_lb": 2.8
    },
    "related_items": [
      {
        "name": "Cheese, Monterey Jack, Loaf, (2) 5 Lb - 107600",
        "brand": "Packer",
        "price": "$18.45",
        "price_per_lb": "$3.69/lb"
      }
    ]
  },
  {
    "image": "https://shop.kimelo.com/_next/image?url=https%3A%2F%2Fd3tlizm80tjdt4.cloudfront.net%2Fimage%2F11540%2Fimage%2Fsm-dc389e1a3b99419ba379e3fb3916db94.png&w=3840&q=50",
    "url": "https://shop.kimelo.com/sku/cheese-asiago-shredded-6-5-lb-111711/111711",
    "name": "Cheese, Asiago, Shredded, (6) 5 Lb - 111711",
    "brand": "Galbani",
    "category": "Cheese > Shredded Cheese",
    "SKU": 111711,
    "UPC": 111711,
    "Warning": "This product can expose you to chemicals including arsenic, which is known to the State of California to cause cancer. For more information, go to www.P65Warnings.ca.gov",
    "CASE": {
      "count": 6,
      "dimension": "L 1\" x W 1\" x H 1\"",
      "weight": 5.0,
      "price": 156.36,
      "price_per_lb": 5.21
    },
    "EACH": {
      "count": "1 Item",
      "dimension": "L 1\" x W 1\" x H 1\"",
      "weight": 0.833333,
      "price": 26.06,
      "price_per_lb": 5.21
    },
    "related_items": [
      {
        "name": "Cheese, Parmesan, Wheel, Usa, 20 Lb Avg - 112306",
        "brand": "Galbani",
        "price": "$111.67",
        "price_per_lb": "$5.58/lb"
      },
      {
        "name": "Cheese, Parmesan, Shaved, (4) 5 Lb - 106816",
        "brand": "Galbani",
        "price": "$26.44",
        "price_per_lb": "$5.29/lb"
      }
    ]
  },
  {
    "image": "https://shop.kimelo.com/_next/image?url=https%3A%2F%2Fd3tlizm80tjdt4.cloudfront.net%2Fremote_images%2Fimage%2F7464%2Fsmall%2F4c120c44089fd73a9dc6802b21106ba43711bda636e75afc96.jpg&w=3840&q=50",
    "url": "https://shop.kimelo.com/sku/cheese-5-blend-moz-wmlmlmpsprovparmroma-65-lb-123784/123784",
    "name": "Cheese, 5 Blend, Moz Wmlm/lmps/prov/parm/roma, 6/5 Lb - 123784",
    "brand": "Galbani",
    "category": "Cheese > Shredded Cheese",
    "SKU": 123784,
    "UPC": 123784,
    "Warning": "This product can expose you to chemicals including arsenic, which is known to the State of California to cause cancer. For more information, go to www.P65Warnings.ca.gov",
    "CASE": {
      "count": 1,
      "dimension": "L 1\" x W 1\" x H 1\"",
      "weight": 30.0,
      "price": 96.18,
      "price_per_lb": 3.21
    },
    "EACH": {
      "count": "1 Item",
      "dimension": "L 1\" x W 1\" x H 1\"",
      "weight": 30.0,
      "price": 96.18,
      "price_per_lb": 3.21
    },
    "related_items": [
      {
        "name": "Cheese, Shredded, Jack & Cheddar Blend, Fancy, (4) 5 Lb - 103664",
        "brand": "Packer",
        "price": "$14.71",
        "price_per_lb": "$2.94/lb"
      }
    ]
  },
  {
    "image": "https://shop.kimelo.com/_next/image?url=https%3A%2F%2Fd3tlizm80tjdt4.cloudfront.net%2Fimage%2F17988%2Fimage%2Fsm-82414835d395197c5f8390f295a0f0fe.jpg&w=3840&q=50",
    "url": "https://shop.kimelo.com/sku/cheese-feta-french-pail-valbreso-18-lb-avg-123797/123797",
    "name": "Cheese, Feta, French, Pail, Valbreso, 18 Lb Avg - 123797",
    "brand": "Valbreso",
    "category": "Cheese > Specialty Cheese",
    "SKU": 123797,
    "UPC": 123797,
    "Warning": "This product can expose you to chemicals including arsenic, which is known to the State of California to cause cancer. For more information, go to www.P65Warnings.ca.gov",
    "CASE": {
      "count": 1,
      "dimension": "L 1\" x W 1\" x H 1\"",
      "weight": 18.0,
      "price": 125.1,
      "price_per_lb": 6.95
    },
    "EACH": {
      "count": "1 Item",
      "dimension": "L 1\" x W 1\" x H 1\"",
      "weight": 18.0,
      "price": 125.1,
      "price_per_lb": 6.95
    },
    "related_items": "None"
  },
  {
    "image": "https://shop.kimelo.com/_next/image?url=https%3A%2F%2Fd3tlizm80tjdt4.cloudfront.net%2Fremote_images%2Fimage%2F9503%2Fsmall%2Fc20e0679de38f6e24091a6d1a19b28f6ec8d244a5fb5adbe48.jpg&w=3840&q=50",
    "url": "https://shop.kimelo.com/sku/cheese-cream-bulk-frozen-30-lb/374448",
    "name": "Cheese, Cream, Bulk, Frozen, 30 Lb",
    "brand": "Packer",
    "category": "Cheese > Cream Cheese",
    "SKU": 374448,
    "UPC": 374448,
    "Warning": "This product can expose you to chemicals including arsenic, which is known to the State of California to cause cancer. For more information, go to www.P65Warnings.ca.gov",
    "CASE": {
      "count": 1,
      "dimension": "L 1\" x W 1\" x H 1\"",
      "weight": 30.0,
      "price": 44.92,
      "price_per_lb": 1.5
    },
    "EACH": {
      "count": "1 Item",
      "dimension": "L 1\" x W 1\" x H 1\"",
      "weight": 30.0,
      "price": 44.92,
      "price_per_lb": 1.5
    },
    "related_items": "None"
  },
  {
    "image": "https://shop.kimelo.com/_next/image?url=https%3A%2F%2Fd3tlizm80tjdt4.cloudfront.net%2Fimage%2F2254%2Fimage%2Fsm-cd0c941b11ba4b342c17c421fe3e4d95.jpeg&w=3840&q=50",
    "url": "https://shop.kimelo.com/sku/cheese-cheddar-medium-loaf-2-5lb-106815/106815",
    "name": "Cheese, Cheddar, Medium, Loaf, (2) 5lb - 106815",
    "brand": "Tillamook",
    "category": "Cheese > Cheese Loaf",
    "SKU": 106815,
    "UPC": 106815,
    "Warning": "This product can expose you to chemicals including arsenic, which is known to the State of California to cause cancer. For more information, go to www.P65Warnings.ca.gov",
    "CASE": {
      "count": 2,
      "dimension": "L 1\" x W 1\" x H 1\"",
      "weight": 5.0,
      "price": 60.16,
      "price_per_lb": 6.02
    },
    "EACH": {
      "count": "1 Item",
      "dimension": "L 1\" x W 1\" x H 1\"",
      "weight": 2.5,
      "price": 30.08,
      "price_per_lb": 6.02
    },
    "related_items": [
      {
        "name": "Cheese, Cheddar, Mild, Loaf, (8) 5 Lb - 103670",
        "brand": "Cheswick",
        "price": "$16.99",
        "price_per_lb": "$3.40/lb"
      }
    ]
  },
  {
    "image": "https://shop.kimelo.com/_next/image?url=https%3A%2F%2Fd3tlizm80tjdt4.cloudfront.net%2Fremote_images%2Fimage%2F7223%2Fsmall%2F10d8ce04c768520771ad150340f03f5d6e9d96b8f373592dd4.jpg&w=3840&q=50",
    "url": "https://shop.kimelo.com/sku/cheese-manouri-log-greek-imported-45-lb-125736/125736",
    "name": "Cheese, Manouri, Log, Greek, Imported, 4/5 Lb 125736",
    "brand": "Krinos",
    "category": "Cheese > Sliced Cheese",
    "SKU": 125736,
    "UPC": 125736,
    "Warning": "This product can expose you to chemicals including arsenic, which is known to the State of California to cause cancer. For more information, go to www.P65Warnings.ca.gov",
    "CASE": {
      "count": 1,
      "dimension": "L 1\" x W 1\" x H 1\"",
      "weight": 20.0,
      "price": 139.32,
      "price_per_lb": 6.97
    },
    "EACH": {
      "count": "1 Item",
      "dimension": "L 1\" x W 1\" x H 1\"",
      "weight": 20.0,
      "price": 139.32,
      "price_per_lb": 6.97
    },
    "related_items": "None"
  },
  {
    "image": "https://shop.kimelo.com/_next/image?url=https%3A%2F%2Fd3tlizm80tjdt4.cloudfront.net%2Fimage%2F13746%2Fimage%2Fsm-6e810ecb0cadc532f8c04cabb747fdf2.png&w=3840&q=50",
    "url": "https://shop.kimelo.com/sku/cheese-mozzarella-fresh-loaf-thin-slice-61-lb-112545/112545",
    "name": "Cheese, Mozzarella, Fresh, Loaf, Thin Slice, 6/1 Lb - 112545",
    "brand": "Galbani",
    "category": "Cheese > Cheese Loaf",
    "SKU": 112545,
    "UPC": 112545,
    "Warning": "This product can expose you to chemicals including arsenic, which is known to the State of California to cause cancer. For more information, go to www.P65Warnings.ca.gov",
    "CASE": {
      "count": 1,
      "dimension": "L 1\" x W 1\" x H 1\"",
      "weight": 6.0,
      "price": 34.55,
      "price_per_lb": 5.76
    },
    "EACH": {
      "count": "1 Item",
      "dimension": "L 1\" x W 1\" x H 1\"",
      "weight": 6.0,
      "price": 34.55,
      "price_per_lb": 5.76
    },
    "related_items": [
      {
        "name": "Cheese, Mozzarella, Fresh, Ovoline, Galbani, 2/3 Lb - 123382",
        "brand": "Galbani",
        "price": "$34.67",
        "price_per_lb": "$5.78/lb"
      }
    ]
  },
  {
    "image": "https://shop.kimelo.com/_next/image?url=https%3A%2F%2Fd3tlizm80tjdt4.cloudfront.net%2Fremote_images%2Fimage%2F8358%2Fsmall%2Fb2822f77cb40a483ec292d837dbfcea6b8be7f2e39cc90e6ca.jpg&w=3840&q=50",
    "url": "https://shop.kimelo.com/sku/cheese-mozzarella-lmps-loaf-premio-85-lb/374193",
    "name": "Cheese, Mozzarella, Lmps, Loaf, Premio, 8/5 Lb",
    "brand": "Galbani Premio",
    "category": "Cheese > Specialty Cheese",
    "SKU": 374193,
    "UPC": 374193,
    "Warning": "This product can expose you to chemicals including arsenic, which is known to the State of California to cause cancer. For more information, go to www.P65Warnings.ca.gov",
    "CASE": {
      "count": 1,
      "dimension": "L 1\" x W 1\" x H 1\"",
      "weight": 40.0,
      "price": 102.95,
      "price_per_lb": 12.87
    },
    "EACH": {
      "count": "1 Item",
      "dimension": "L 1\" x W 1\" x H 1\"",
      "weight": 40.0,
      "price": 102.95,
      "price_per_lb": 12.87
    },
    "related_items": "None"
  },
  {
    "image": "https://shop.kimelo.com/_next/image?url=https%3A%2F%2Fd3tlizm80tjdt4.cloudfront.net%2Fremote_images%2Fimage%2F8390%2Fsmall%2F53b845e1fb7106fdd945620096b458f0828fadee1fe5d5d0e8.jpg&w=3840&q=50",
    "url": "https://shop.kimelo.com/sku/cheese-mozzarella-wmlm-loaf-premio-85-lb/374196",
    "name": "Cheese, Mozzarella, Wmlm, Loaf, Premio, 8/5 Lb",
    "brand": "Galbani Premio",
    "category": "Cheese > Specialty Cheese",
    "SKU": 374196,
    "UPC": 374196,
    "Warning": "This product can expose you to chemicals including arsenic, which is known to the State of California to cause cancer. For more information, go to www.P65Warnings.ca.gov",
    "CASE": {
      "count": 1,
      "dimension": "L 1\" x W 1\" x H 1\"",
      "weight": 40.0,
      "price": 108.52,
      "price_per_lb": 10.85
    },
    "EACH": {
      "count": "1 Item",
      "dimension": "L 1\" x W 1\" x H 1\"",
      "weight": 40.0,
      "price": 108.52,
      "price_per_lb": 10.85
    },
    "related_items": "None"
  },
  {
    "image": "https://shop.kimelo.com/_next/image?url=https%3A%2F%2Fd3tlizm80tjdt4.cloudfront.net%2Fremote_images%2Fimage%2F10806%2Fsmall%2F080a48a561d13a90309f06536874d86ca67cf124dc3961482d.jpg&w=3840&q=50",
    "url": "https://shop.kimelo.com/sku/cheese-mozzarella-frozen-ovoline-galbani-23-lb/374567",
    "name": "Cheese, Mozzarella, Frozen, Ovoline, Galbani, 2/3 Lb",
    "brand": "Galbani",
    "category": "Cheese > Specialty Cheese",
    "SKU": 374567,
    "UPC": 374567,
    "Warning": "This product can expose you to chemicals including arsenic, which is known to the State of California to cause cancer. For more information, go to www.P65Warnings.ca.gov",
    "CASE": {
      "count": 1,
      "dimension": "L 1\" x W 1\" x H 1\"",
      "weight": 6.0,
      "price": 14.64,
      "price_per_lb": 2.44
    },
    "EACH": {
      "count": "1 Item",
      "dimension": "L 1\" x W 1\" x H 1\"",
      "weight": 6.0,
      "price": 14.64,
      "price_per_lb": 2.44
    },
    "related_items": "None"
  },
  {
    "image": "https://shop.kimelo.com/_next/image?url=https%3A%2F%2Fd3tlizm80tjdt4.cloudfront.net%2Fremote_images%2Fimage%2F13368%2Fsmall%2F1407ffca973704e384634cd27285dbec2bccd8ea94f56171e1.jpg&w=3840&q=50",
    "url": "https://shop.kimelo.com/sku/cheese-feta-greek-sheep-112-kg-124849/342870",
    "name": "Cheese, Feta, Greek, Sheep, 1/12 Kg 124849",
    "brand": "Kolios",
    "category": "Cheese > Specialty Cheese",
    "SKU": 342870,
    "UPC": 342870,
    "Warning": "This product can expose you to chemicals including arsenic, which is known to the State of California to cause cancer. For more information, go to www.P65Warnings.ca.gov",
    "CASE": {
      "count": 1,
      "dimension": "L 1\" x W 1\" x H 1\"",
      "weight": 15.0,
      "price": 162.0,
      "price_per_lb": "None"
    },
    "EACH": {
      "count": "1 Item",
      "dimension": "L 1\" x W 1\" x H 1\"",
      "weight": 15.0,
      "price": 162.0,
      "price_per_lb": "None"
    },
    "related_items": "None"
  },
  {
    "image": "https://shop.kimelo.com/_next/image?url=https%3A%2F%2Fd3tlizm80tjdt4.cloudfront.net%2Fremote_images%2Fimage%2F14165%2Fsmall%2F0158d18ec81507169591cc645a9fff7c6f09c04889186230a6.jpg&w=3840&q=50",
    "url": "https://shop.kimelo.com/sku/cheese-muenster-loaf-6-5-lbssku-172091/172091",
    "name": "Cheese, Muenster, Loaf (6) 5 Lbs,sku 172091",
    "brand": "Packer",
    "category": "Cheese > Specialty Cheese",
    "SKU": 172091,
    "UPC": 172091,
    "Warning": "This product can expose you to chemicals including arsenic, which is known to the State of California to cause cancer. For more information, go to www.P65Warnings.ca.gov",
    "CASE": {
      "count": 6,
      "dimension": "L 1\" x W 1\" x H 1\"",
      "weight": 30.0,
      "price": 197.4,
      "price_per_lb": 6.58
    },
    "EACH": {
      "count": "1 Item",
      "dimension": "L 1\" x W 1\" x H 1\"",
      "weight": 5.0,
      "price": 32.9,
      "price_per_lb": 32.9
    },
    "related_items": "None"
  },
  {
    "image": "https://shop.kimelo.com/_next/image?url=https%3A%2F%2Fd3tlizm80tjdt4.cloudfront.net%2Fimage%2F17990%2Fimage%2Fsm-83f15352ef57aee10ecf9f5eacd4c835.png&w=3840&q=50",
    "url": "https://shop.kimelo.com/sku/cheese-pepperjack-feather-shred-45-lb-123794/123794",
    "name": "Cheese, Pepperjack, Feather Shred, 4/5 Lb - 123794",
    "brand": "Cheswick",
    "category": "Cheese > Shredded Cheese",
    "SKU": 123794,
    "UPC": 123794,
    "Warning": "This product can expose you to chemicals including arsenic, which is known to the State of California to cause cancer. For more information, go to www.P65Warnings.ca.gov",
    "CASE": {
      "count": 1,
      "dimension": "L 1\" x W 1\" x H 1\"",
      "weight": 20.0,
      "price": 65.72,
      "price_per_lb": 3.29
    },
    "EACH": {
      "count": "1 Item",
      "dimension": "L 1\" x W 1\" x H 1\"",
      "weight": 20.0,
      "price": 65.72,
      "price_per_lb": 3.29
    },
    "related_items": [
      {
        "name": "Cheese, Pepper Jack, Loaf (8) 103672",
        "brand": "Cheswick",
        "price": "$17.47",
        "price_per_lb": "$3.49/lb"
      },
      {
        "name": "Cheese, Monterey Jack, Shredded, Fancy, (4) 5 Lb - 108930",
        "brand": "Cheswick",
        "price": "$16.26",
        "price_per_lb": "$3.25/lb"
      }
    ]
  },
  {
    "image": "https://shop.kimelo.com/_next/image?url=https%3A%2F%2Fd3tlizm80tjdt4.cloudfront.net%2Fremote_images%2Fimage%2F7585%2Fsmall%2F6fdb15f3fb9a8218f44f4394daed962b794d29364f31ec757a.jpg&w=3840&q=50",
    "url": "https://shop.kimelo.com/sku/cheese-pecorino-romano-14-lb-124109/124109",
    "name": "Cheese, Pecorino, Romano, 14 Lb 124109",
    "brand": "Zerto",
    "category": "Cheese > Sliced Cheese",
    "SKU": 124109,
    "UPC": 124109,
    "Warning": "This product can expose you to chemicals including arsenic, which is known to the State of California to cause cancer. For more information, go to www.P65Warnings.ca.gov",
    "CASE": {
      "count": 1,
      "dimension": "L 1\" x W 1\" x H 1\"",
      "weight": 14.0,
      "price": 71.25,
      "price_per_lb": 5.09
    },
    "EACH": {
      "count": "1 Item",
      "dimension": "L 1\" x W 1\" x H 1\"",
      "weight": 14.0,
      "price": 71.25,
      "price_per_lb": 5.09
    },
    "related_items": "None"
  },
  {
    "image": "https://shop.kimelo.com/_next/image?url=https%3A%2F%2Fd3tlizm80tjdt4.cloudfront.net%2Fremote_images%2Fimage%2F14108%2Fsmall%2Fd36c33635977c041d652f1f7a3af8c01abffa2f2456ec7c315.jpg&w=3840&q=50",
    "url": "https://shop.kimelo.com/sku/cheese-stringles-string-mozzarella-organic-241-oz-ct-10278-sku-172034/172034",
    "name": "Cheese, Stringles String Mozzarella, Organic 24/1 Oz Ct , 10278 - Sku 172034",
    "brand": "Organic Valley",
    "category": "Cheese > Specialty Cheese",
    "SKU": 172034,
    "UPC": 172034,
    "Warning": "This product can expose you to chemicals including arsenic, which is known to the State of California to cause cancer. For more information, go to www.P65Warnings.ca.gov",
    "CASE": {
      "count": 1,
      "dimension": "L 1\" x W 1\" x H 1\"",
      "weight": 1.5,
      "price": 20.65,
      "price_per_lb": 0.86
    },
    "EACH": {
      "count": "1 Item",
      "dimension": "L 1\" x W 1\" x H 1\"",
      "weight": 1.5,
      "price": 20.65,
      "price_per_lb": 0.86
    },
    "related_items": "None"
  },
  {
    "image": "https://shop.kimelo.com/_next/image?url=https%3A%2F%2Fd3tlizm80tjdt4.cloudfront.net%2Fremote_images%2Fimage%2F14324%2Fsmall%2F5211137065f5e986902c6a62fa4eb3f764ed76d03efbf7a3b2.jpg&w=3840&q=50",
    "url": "https://shop.kimelo.com/sku/cheese-cheddar-sharp-white-100075-oz-oz-tillamook-613897-sku-172111/172111",
    "name": "Cheese, Cheddar, Sharp White, 100/0.75 Oz Oz Tillamook 613897, Sku 172111",
    "brand": "Tillamook",
    "category": "Cheese > Sliced Cheese",
    "SKU": 172111,
    "UPC": 172111,
    "Warning": "This product can expose you to chemicals including arsenic, which is known to the State of California to cause cancer. For more information, go to www.P65Warnings.ca.gov",
    "CASE": {
      "count": 1,
      "dimension": "L 1\" x W 1\" x H 1\"",
      "weight": 4.69,
      "price": 49.8,
      "price_per_lb": 0.5
    },
    "EACH": {
      "count": "1 Item",
      "dimension": "L 1\" x W 1\" x H 1\"",
      "weight": 4.69,
      "price": 49.8,
      "price_per_lb": 0.5
    },
    "related_items": "None"
  },
  {
    "image": "https://shop.kimelo.com/_next/image?url=https%3A%2F%2Fd3tlizm80tjdt4.cloudfront.net%2Fremote_images%2Fimage%2F15042%2Fsmall%2F4752a482739aa892814722431a3b0e1a4930af59437ce4920d.jpg&w=3840&q=50",
    "url": "https://shop.kimelo.com/sku/cheese-mini-babybel-red-wrap-72075-oz-sku-172119/172119",
    "name": "Cheese, Mini, Babybel (red Wrap) 72/0.75 Oz, Sku 172119",
    "brand": "Laughing Cow",
    "category": "Cheese > Specialty Cheese",
    "SKU": 172119,
    "UPC": 172119,
    "Warning": "This product can expose you to chemicals including arsenic, which is known to the State of California to cause cancer. For more information, go to www.P65Warnings.ca.gov",
    "CASE": {
      "count": 1,
      "dimension": "L 1\" x W 1\" x H 1\"",
      "weight": 4.0,
      "price": 51.29,
      "price_per_lb": 0.71
    },
    "EACH": {
      "count": "1 Item",
      "dimension": "L 1\" x W 1\" x H 1\"",
      "weight": 4.0,
      "price": 51.29,
      "price_per_lb": 0.71
    },
    "related_items": "None"
  },
  {
    "image": "https://shop.kimelo.com/_next/image?url=https%3A%2F%2Fd3tlizm80tjdt4.cloudfront.net%2Fremote_images%2Fimage%2F14127%2Fsmall%2F8d497ba0b199b319f4f58febfebec4619b58c4763daff721fd.jpg&w=3840&q=50",
    "url": "https://shop.kimelo.com/sku/cottage-cheese-classic-organic-125-oz-84778-sku-172052/172052",
    "name": "Cottage Cheese, Classic, Organic 12/5 Oz, 84778, Sku 172052",
    "brand": "Good Culture",
    "category": "Cheese > Cottage Cheese",
    "SKU": 172052,
    "UPC": 172052,
    "Warning": "This product can expose you to chemicals including arsenic, which is known to the State of California to cause cancer. For more information, go to www.P65Warnings.ca.gov",
    "CASE": {
      "count": 1,
      "dimension": "L 1\" x W 1\" x H 1\"",
      "weight": 3.75,
      "price": 39.93,
      "price_per_lb": 3.33
    },
    "EACH": {
      "count": "1 Item",
      "dimension": "L 1\" x W 1\" x H 1\"",
      "weight": 3.75,
      "price": 39.93,
      "price_per_lb": 3.33
    },
    "related_items": "None"
  },
  {
    "image": "https://shop.kimelo.com/_next/image?url=https%3A%2F%2Fd3tlizm80tjdt4.cloudfront.net%2Fremote_images%2Fimage%2F2650%2Fsmall%2F8ccc10b43c0da13a2feaa26d6af00080d864418c35ce1b4439.jpg&w=3840&q=50",
    "url": "https://shop.kimelo.com/sku/cheese-parmesan-shredded-6-5-lb-124603/124603",
    "name": "Cheese, Parmesan, Shredded, (6) 5 Lb - 124603",
    "brand": "Galbani",
    "category": "Cheese > Shredded Cheese",
    "SKU": 124603,
    "UPC": 124603,
    "Warning": "This product can expose you to chemicals including arsenic, which is known to the State of California to cause cancer. For more information, go to www.P65Warnings.ca.gov",
    "CASE": {
      "count": 6,
      "dimension": "L 1\" x W 1\" x H 1\"",
      "weight": 5.0,
      "price": 161.28,
      "price_per_lb": 5.38
    },
    "EACH": {
      "count": "1 Item",
      "dimension": "L 1\" x W 1\" x H 1\"",
      "weight": 0.833333,
      "price": 26.88,
      "price_per_lb": 5.38
    },
    "related_items": [
      {
        "name": "Cheese, Parmesan, Shaved, (4) 5 Lb - 106816",
        "brand": "Galbani",
        "price": "$26.44",
        "price_per_lb": "$5.29/lb"
      },
      {
        "name": "Cheese, Parmesan, Grated, Imported, (4) 5 Lb - 111522",
        "brand": "Galbani",
        "price": "$30.18",
        "price_per_lb": "$6.04/lb"
      },
      {
        "name": "Cheese, Parmesan, Wheel, Usa, 20 Lb Avg - 112306",
        "brand": "Galbani",
        "price": "$111.67",
        "price_per_lb": "$5.58/lb"
      },
      {
        "name": "Cheese, Parmesan, Shaved, (4) 5 Lb - 106816",
        "brand": "Galbani",
        "price": "$26.44",
        "price_per_lb": "$5.29/lb"
      },
      {
        "name": "Cheese, Parmesan, Grated, Imported, (4) 5 Lb - 111522",
        "brand": "Galbani",
        "price": "$30.18",
        "price_per_lb": "$6.04/lb"
      },
      {
        "name": "Cheese, Parmesan, Wheel, Usa, 20 Lb Avg - 112306",
        "brand": "Galbani",
        "price": "$111.67",
        "price_per_lb": "$5.58/lb"
      },
      {
        "name": "Cheese, Parmesan, Shaved, (4) 5 Lb - 106816",
        "brand": "Galbani",
        "price": "$26.44",
        "price_per_lb": "$5.29/lb"
      },
      {
        "name": "Cheese, Parmesan, Grated, Imported, (4) 5 Lb - 111522",
        "brand": "Galbani",
        "price": "$30.18",
        "price_per_lb": "$6.04/lb"
      }
    ]
  },
  {
    "image": "https://shop.kimelo.com/_next/image?url=https%3A%2F%2Fd3tlizm80tjdt4.cloudfront.net%2Fremote_images%2Fimage%2F1088%2Fsmall%2Fe9d4570a644a2ae0665f696c669bff43b9d6ccd681d0ebc349.jpg&w=3840&q=50",
    "url": "https://shop.kimelo.com/sku/cheese-mozzarella-fresh-loaf-sliced-61-lb-123535/123535",
    "name": "Cheese, Mozzarella, Fresh, Loaf, Sliced, 6/1 Lb - 123535",
    "brand": "Galbani",
    "category": "Cheese > Cheese Loaf",
    "SKU": 123535,
    "UPC": 123535,
    "Warning": "This product can expose you to chemicals including arsenic, which is known to the State of California to cause cancer. For more information, go to www.P65Warnings.ca.gov",
    "CASE": {
      "count": 1,
      "dimension": "L 1\" x W 1\" x H 1\"",
      "weight": 6.0,
      "price": 38.68,
      "price_per_lb": 6.45
    },
    "EACH": {
      "count": "1 Item",
      "dimension": "L 1\" x W 1\" x H 1\"",
      "weight": 6.0,
      "price": 38.68,
      "price_per_lb": 6.45
    },
    "related_items": [
      {
        "name": "Cheese, Mozzarella, Fresh, Ovoline, Galbani, 2/3 Lb - 123382",
        "brand": "Galbani",
        "price": "$34.67",
        "price_per_lb": "$5.78/lb"
      },
      {
        "name": "Cheese, Mozzarella, Fresh, Loaf, Thin Slice, 6/1 Lb - 112545",
        "brand": "Galbani",
        "price": "$34.55",
        "price_per_lb": "$5.76/lb"
      }
    ]
  },
  {
    "image": "https://shop.kimelo.com/_next/image?url=https%3A%2F%2Fd3tlizm80tjdt4.cloudfront.net%2Fimage%2F13392%2Fimage%2Fsm-a1beb72594462199dfe813034c8f0f08.png&w=3840&q=50",
    "url": "https://shop.kimelo.com/sku/cheese-queso-fresco-casero-bulk-12-lbs-112596/112596",
    "name": "Cheese, Queso Fresco, Casero, Bulk 12 Lbs - 112596",
    "brand": "El Mexicano",
    "category": "Cheese > Specialty Cheese",
    "SKU": 112596,
    "UPC": 112596,
    "Warning": "This product can expose you to chemicals including arsenic, which is known to the State of California to cause cancer. For more information, go to www.P65Warnings.ca.gov",
    "CASE": {
      "count": 1,
      "dimension": "L 1\" x W 1\" x H 1\"",
      "weight": 12.0,
      "price": 49.39,
      "price_per_lb": 4.12
    },
    "EACH": {
      "count": "1 Item",
      "dimension": "L 1\" x W 1\" x H 1\"",
      "weight": 12.0,
      "price": 49.39,
      "price_per_lb": 4.12
    },
    "related_items": "None"
  },
  {
    "image": "https://shop.kimelo.com/_next/image?url=https%3A%2F%2Fd3tlizm80tjdt4.cloudfront.net%2Fremote_images%2Fimage%2F7219%2Fsmall%2F6c77b279a5ed42add9439bbdfc694637d60aaae4f2f0ec56d7.jpg&w=3840&q=50",
    "url": "https://shop.kimelo.com/sku/cheese-mozzarella-wmlm-premio-tigrato-shred-65lb-125732/125732",
    "name": "Cheese, Mozzarella, Wmlm, Premio, Tigrato Shred, 6/5lb 125732",
    "brand": "Galbani Premio",
    "category": "Cheese > Specialty Cheese",
    "SKU": 125732,
    "UPC": 125732,
    "Warning": "This product can expose you to chemicals including arsenic, which is known to the State of California to cause cancer. For more information, go to www.P65Warnings.ca.gov",
    "CASE": {
      "count": 1,
      "dimension": "L 1\" x W 1\" x H 1\"",
      "weight": 30.0,
      "price": 104.33,
      "price_per_lb": 3.48
    },
    "EACH": {
      "count": "1 Item",
      "dimension": "L 1\" x W 1\" x H 1\"",
      "weight": 30.0,
      "price": 104.33,
      "price_per_lb": 3.48
    },
    "related_items": "None"
  },
  {
    "image": "https://shop.kimelo.com/_next/image?url=https%3A%2F%2Fd3tlizm80tjdt4.cloudfront.net%2Fimage%2F17989%2Fimage%2Fsm-9e1c062d6e753907a3748fcfa2471be0.jpg&w=3840&q=50",
    "url": "https://shop.kimelo.com/sku/cheese-provolone-no-smoke-professionale-8-5-lb-123792/123792",
    "name": "Cheese, Provolone, No Smoke, Professionale, (8) 5 Lb - 123792",
    "brand": "Galbani",
    "category": "Cheese > Cheese Loaf",
    "SKU": 123792,
    "UPC": 123792,
    "Warning": "This product can expose you to chemicals including arsenic, which is known to the State of California to cause cancer. For more information, go to www.P65Warnings.ca.gov",
    "CASE": {
      "count": 8,
      "dimension": "L 1\" x W 1\" x H 1\"",
      "weight": 5.0,
      "price": 115.2,
      "price_per_lb": 2.88
    },
    "EACH": {
      "count": "1 Item",
      "dimension": "L 1\" x W 1\" x H 1\"",
      "weight": 0.625,
      "price": 14.4,
      "price_per_lb": 2.88
    },
    "related_items": "None"
  },
  {
    "image": "https://shop.kimelo.com/_next/image?url=https%3A%2F%2Fd3tlizm80tjdt4.cloudfront.net%2Fimage%2F18031%2Fimage%2Fsm-4300f3a70bfa2261c03c2ddc7f7fa85b.jpg&w=3840&q=50",
    "url": "https://shop.kimelo.com/sku/cheese-feta-in-brine-pail-28-lb-123928/123928",
    "name": "Cheese, Feta, In Brine, Pail, 28 Lb - 123928",
    "brand": "Cucina",
    "category": "Cheese > Specialty Cheese",
    "SKU": 123928,
    "UPC": 123928,
    "Warning": "This product can expose you to chemicals including arsenic, which is known to the State of California to cause cancer. For more information, go to www.P65Warnings.ca.gov",
    "CASE": {
      "count": 1,
      "dimension": "L 1\" x W 1\" x H 1\"",
      "weight": 28.0,
      "price": 145.11,
      "price_per_lb": 6.05
    },
    "EACH": {
      "count": "1 Item",
      "dimension": "L 1\" x W 1\" x H 1\"",
      "weight": 28.0,
      "price": 145.11,
      "price_per_lb": 6.05
    },
    "related_items": [
      {
        "name": "Cheese, Feta, French, Pail, Valbreso, 18 Lb Avg - 123797",
        "brand": "Valbreso",
        "price": "$125.10",
        "price_per_lb": "$6.95/lb"
      },
      {
        "name": "Cheese, Feta, In Brine, Pail, (2) 8 Lb 124284",
        "brand": "Cucina",
        "price": "$29.44",
        "price_per_lb": "$3.68/lb"
      }
    ]
  },
  {
    "image": "https://shop.kimelo.com/_next/image?url=https%3A%2F%2Fd3tlizm80tjdt4.cloudfront.net%2Fremote_images%2Fimage%2F1073%2Fsmall%2Fb1d9e1f95c8820a32503eaeb15b2209c65268ad5e29a3f395c.jpg&w=3840&q=50",
    "url": "https://shop.kimelo.com/sku/cheese-brie-60-22-lb-123527/123527",
    "name": "Cheese, Brie, 60%, 2/2 Lb - 123527",
    "brand": "President",
    "category": "Cheese > Specialty Cheese",
    "SKU": 123527,
    "UPC": 123527,
    "Warning": "This product can expose you to chemicals including arsenic, which is known to the State of California to cause cancer. For more information, go to www.P65Warnings.ca.gov",
    "CASE": {
      "count": 1,
      "dimension": "L 1\" x W 1\" x H 1\"",
      "weight": 4.0,
      "price": 29.1,
      "price_per_lb": 7.28
    },
    "EACH": {
      "count": "1 Item",
      "dimension": "L 1\" x W 1\" x H 1\"",
      "weight": 4.0,
      "price": 29.1,
      "price_per_lb": 7.28
    },
    "related_items": "None"
  },
  {
    "image": "https://shop.kimelo.com/_next/image?url=https%3A%2F%2Fd3tlizm80tjdt4.cloudfront.net%2Fimage%2F2896%2Fimage%2Fsm-dd03d82250538609a7f34030a50e240b.jpg&w=3840&q=50",
    "url": "https://shop.kimelo.com/sku/cheese-mozzarella-fresh-ciliegine-ball-2-3-lb-103593/103593",
    "name": "Cheese, Mozzarella, Fresh, Ciliegine Ball, (2) 3 Lb 103593",
    "brand": "Galbani",
    "category": "Cheese > Specialty Cheese",
    "SKU": 103593,
    "UPC": 103593,
    "Warning": "This product can expose you to chemicals including arsenic, which is known to the State of California to cause cancer. For more information, go to www.P65Warnings.ca.gov",
    "CASE": {
      "count": 2,
      "dimension": "L 1\" x W 1\" x H 1\"",
      "weight": 3.0,
      "price": 34.88,
      "price_per_lb": 5.81
    },
    "EACH": {
      "count": "1 Item",
      "dimension": "L 1\" x W 1\" x H 1\"",
      "weight": 1.5,
      "price": 17.44,
      "price_per_lb": 5.81
    },
    "related_items": [
      {
        "name": "Cheese, Mozzarella, Fresh, Ovoline, Galbani, 2/3 Lb - 123382",
        "brand": "Galbani",
        "price": "$34.67",
        "price_per_lb": "$5.78/lb"
      }
    ]
  },
  {
    "image": "https://shop.kimelo.com/_next/image?url=https%3A%2F%2Fd3tlizm80tjdt4.cloudfront.net%2Fremote_images%2Fimage%2F1898%2Fsmall%2Fd052d2826fa65f597dbb4441da172a9957dee2a899142d1940.jpg&w=3840&q=50",
    "url": "https://shop.kimelo.com/sku/cheese-grilling-domestic-yanni-128-oz-124017/124017",
    "name": "Cheese, Grilling, Domestic, Yanni, 12/8 Oz 124017",
    "brand": "Yanni",
    "category": "Cheese > Sliced Cheese",
    "SKU": 124017,
    "UPC": 124017,
    "Warning": "This product can expose you to chemicals including arsenic, which is known to the State of California to cause cancer. For more information, go to www.P65Warnings.ca.gov",
    "CASE": {
      "count": 1,
      "dimension": "L 1\" x W 1\" x H 1\"",
      "weight": 6.0,
      "price": 48.44,
      "price_per_lb": 8.07
    },
    "EACH": {
      "count": "1 Item",
      "dimension": "L 1\" x W 1\" x H 1\"",
      "weight": 6.0,
      "price": 48.44,
      "price_per_lb": 8.07
    },
    "related_items": "None"
  },
  {
    "image": "https://shop.kimelo.com/_next/image?url=https%3A%2F%2Fd3tlizm80tjdt4.cloudfront.net%2Fremote_images%2Fimage%2F2633%2Fsmall%2Fa61a9af8858203a8085b3cd5314e44f2375da6387dd3b0ab73.jpg&w=3840&q=50",
    "url": "https://shop.kimelo.com/sku/cheese-myzithra-ball-imported/124640",
    "name": "Cheese, Myzithra, Ball, Imported",
    "brand": "Stymfalia",
    "category": "Cheese > Sliced Cheese",
    "SKU": 124640,
    "UPC": 124640,
    "Warning": "This product can expose you to chemicals including arsenic, which is known to the State of California to cause cancer. For more information, go to www.P65Warnings.ca.gov",
    "CASE": {
      "count": 1,
      "dimension": "L 13.5\" x W 9.25\" x H 8.25\"",
      "weight": 17.0,
      "price": 79.05,
      "price_per_lb": 5.07
    },
    "EACH": {
      "count": "1 Item",
      "dimension": "L 13.5\" x W 9.25\" x H 8.25\"",
      "weight": 17.0,
      "price": 79.05,
      "price_per_lb": 5.07
    },
    "related_items": [
      {
        "name": "Cheese, Gruyere, Imported, Loaf, (2) 5 Lb - 108978",
        "brand": "Packer",
        "price": "$67.30",
        "price_per_lb": "$13.46/lb"
      }
    ]
  },
  {
    "image": "https://shop.kimelo.com/_next/image?url=https%3A%2F%2Fd3tlizm80tjdt4.cloudfront.net%2Fremote_images%2Fimage%2F8643%2Fsmall%2F66078553f3b39103164ffde635b3f3f92e35c6e0786f8709da.jpg&w=3840&q=50",
    "url": "https://shop.kimelo.com/sku/cheese-queso-fresco-casero-frozen-bulk-12-lbs374274/374274",
    "name": "Cheese, Queso Fresco, Casero, Frozen, Bulk 12 Lbs374274",
    "brand": "El Mexicano",
    "category": "Cheese > Specialty Cheese",
    "SKU": 374274,
    "UPC": 374274,
    "Warning": "This product can expose you to chemicals including arsenic, which is known to the State of California to cause cancer. For more information, go to www.P65Warnings.ca.gov",
    "CASE": {
      "count": 1,
      "dimension": "L 1\" x W 1\" x H 1\"",
      "weight": 12.0,
      "price": 21.19,
      "price_per_lb": 1.77
    },
    "EACH": {
      "count": "1 Item",
      "dimension": "L 1\" x W 1\" x H 1\"",
      "weight": 12.0,
      "price": 21.19,
      "price_per_lb": 1.77
    },
    "related_items": "None"
  },
  {
    "image": "https://shop.kimelo.com/_next/image?url=https%3A%2F%2Fd3tlizm80tjdt4.cloudfront.net%2Fremote_images%2Fimage%2F2037%2Fsmall%2F93701c5bb1e6a23ddfdd86fb5e4e8868e9496d4ff700d601e0.jpg&w=3840&q=50",
    "url": "https://shop.kimelo.com/sku/cheese-kasseri-waxed-wheel/123993",
    "name": "Cheese, Kasseri, Waxed Wheel",
    "brand": "Stella",
    "category": "Cheese > Sliced Cheese",
    "SKU": 123993,
    "UPC": 123993,
    "Warning": "This product can expose you to chemicals including arsenic, which is known to the State of California to cause cancer. For more information, go to www.P65Warnings.ca.gov",
    "CASE": {
      "count": 1,
      "dimension": "L 1\" x W 1\" x H 1\"",
      "weight": 10.0,
      "price": 86.8,
      "price_per_lb": 8.68
    },
    "EACH": {
      "count": "1 Item",
      "dimension": "L 1\" x W 1\" x H 1\"",
      "weight": 10.0,
      "price": 86.8,
      "price_per_lb": 8.68
    },
    "related_items": "None"
  },
  {
    "image": "https://shop.kimelo.com/_next/image?url=https%3A%2F%2Fd3tlizm80tjdt4.cloudfront.net%2Fremote_images%2Fimage%2F13375%2Fsmall%2F2ee6dfdf5b22cc7c7a84d4a5acf73506e8fcb5effe8cea044c.jpg&w=3840&q=50",
    "url": "https://shop.kimelo.com/sku/cheese-smoked-cheddar-mild-25-lb/374591",
    "name": "Cheese, Smoked Cheddar, Mild, 2/5 Lb",
    "brand": "Gossner",
    "category": "Cheese > Sliced Cheese",
    "SKU": 374591,
    "UPC": 374591,
    "Warning": "This product can expose you to chemicals including arsenic, which is known to the State of California to cause cancer. For more information, go to www.P65Warnings.ca.gov",
    "CASE": {
      "count": 1,
      "dimension": "L 1\" x W 1\" x H 1\"",
      "weight": 10.0,
      "price": 3.21,
      "price_per_lb": 0.32
    },
    "EACH": {
      "count": "1 Item",
      "dimension": "L 1\" x W 1\" x H 1\"",
      "weight": 10.0,
      "price": 3.21,
      "price_per_lb": 0.32
    },
    "related_items": "None"
  },
  {
    "image": "https://shop.kimelo.com/_next/image?url=https%3A%2F%2Fd3tlizm80tjdt4.cloudfront.net%2Fimage%2F2351%2Fimage%2Fsm-8f112e2ad6cf67b95091b3a5cffad334.png&w=3840&q=50",
    "url": "https://shop.kimelo.com/sku/cheese-mozzarella-smoked-26-lb/103565",
    "name": "CHEESE, MOZZARELLA, SMOKED, 2/6 LB",
    "brand": "POLLY-O",
    "category": "Cheese > Specialty Cheese",
    "SKU": 103565,
    "UPC": 11863100202,
    "Warning": "This product can expose you to chemicals including arsenic, which is known to the State of California to cause cancer. For more information, go to www.P65Warnings.ca.gov",
    "CASE": {
      "count": 2,
      "dimension": "L 8.57\" x W 4.45\" x H 13.89\"",
      "weight": 11.73,
      "price": 85.15,
      "price_per_lb": "None"
    },
    "EACH": {
      "count": "1 Item",
      "dimension": "L 4.29\" x W 4.45\" x H 13.89\"",
      "weight": 6.0,
      "price": 43.56,
      "price_per_lb": "None"
    },
    "related_items": "None"
  },
  {
    "image": "https://shop.kimelo.com/_next/image?url=https%3A%2F%2Fd3tlizm80tjdt4.cloudfront.net%2Fremote_images%2Fimage%2F7811%2Fsmall%2F6cc605766939ddd78229cbfac6a2103b6982de8f053c875d63.jpg&w=3840&q=50",
    "url": "https://shop.kimelo.com/sku/cheese-swiss-block/126018",
    "name": "Cheese, Swiss, Block",
    "brand": "Ammerlander",
    "category": "Cheese > Sliced Cheese",
    "SKU": 126018,
    "UPC": 126018,
    "Warning": "This product can expose you to chemicals including arsenic, which is known to the State of California to cause cancer. For more information, go to www.P65Warnings.ca.gov",
    "CASE": {
      "count": 1,
      "dimension": "L 19.5\" x W 11.7\" x H 3.9\"",
      "weight": 33.0,
      "price": 108.9,
      "price_per_lb": 3.3
    },
    "EACH": {
      "count": "1 Item",
      "dimension": "L 19.5\" x W 11.7\" x H 3.9\"",
      "weight": 33.0,
      "price": 108.9,
      "price_per_lb": 3.3
    },
    "related_items": "None"
  },
  {
    "image": "https://shop.kimelo.com/_next/image?url=https%3A%2F%2Fd3tlizm80tjdt4.cloudfront.net%2Fremote_images%2Fimage%2F8017%2Fsmall%2F5b67c48b8fb317538fe7a3777c8aa936e15d7ed4f7f4c2062d.jpg&w=3840&q=50",
    "url": "https://shop.kimelo.com/sku/cheese-5-blend-moz-wmlmlmpsprovparmroma-fzn-65-lb/374160",
    "name": "Cheese, 5 Blend, Moz Wmlm/lmps/prov/parm/roma, Fzn, 6/5 Lb",
    "brand": "Galbani",
    "category": "Cheese > Shredded Cheese",
    "SKU": 374160,
    "UPC": 374160,
    "Warning": "This product can expose you to chemicals including arsenic, which is known to the State of California to cause cancer. For more information, go to www.P65Warnings.ca.gov",
    "CASE": {
      "count": 1,
      "dimension": "L 1\" x W 1\" x H 1\"",
      "weight": 30.0,
      "price": 80.07,
      "price_per_lb": "None"
    },
    "EACH": {
      "count": "1 Item",
      "dimension": "L 1\" x W 1\" x H 1\"",
      "weight": 30.0,
      "price": 80.07,
      "price_per_lb": "None"
    },
    "related_items": "None"
  },
  {
    "image": "https://shop.kimelo.com/_next/image?url=https%3A%2F%2Fd3tlizm80tjdt4.cloudfront.net%2Fremote_images%2Fimage%2F8670%2Fsmall%2F14def803c1c34fe56ec8c8333ba02a43ed6690f593186e7f98.jpg&w=3840&q=50",
    "url": "https://shop.kimelo.com/sku/cottage-cheese-small-curd/316282",
    "name": "Cottage Cheese, Small Curd",
    "brand": "Clover Sonoma",
    "category": "Cheese > Cottage Cheese",
    "SKU": 316282,
    "UPC": 316282,
    "Warning": "This product can expose you to chemicals including arsenic, which is known to the State of California to cause cancer. For more information, go to www.P65Warnings.ca.gov",
    "CASE": {
      "count": 1,
      "dimension": "L 1\" x W 1\" x H 1\"",
      "weight": 12.0,
      "price": 39.93,
      "price_per_lb": 3.33
    },
    "EACH": {
      "count": "1 Item",
      "dimension": "L 1\" x W 1\" x H 1\"",
      "weight": 12.0,
      "price": 39.93,
      "price_per_lb": 3.33
    },
    "related_items": "None"
  },
  {
    "image": "https://shop.kimelo.com/_next/image?url=https%3A%2F%2Fd3tlizm80tjdt4.cloudfront.net%2Fremote_images%2Fimage%2F7216%2Fsmall%2F71b5ddd3c64d4bbaa1fe5e7090917a824d29a331ea6e1ee5d4.jpg&w=3840&q=50",
    "url": "https://shop.kimelo.com/sku/cheese-mozzarella-pslm-loaf-premio-fzn-85-lb-125813/125813",
    "name": "Cheese, Mozzarella, Pslm, Loaf, Premio, Fzn, 8/5 Lb 125813",
    "brand": "Galbani Premio",
    "category": "Cheese > Cheese Loaf",
    "SKU": 125813,
    "UPC": 125813,
    "Warning": "This product can expose you to chemicals including arsenic, which is known to the State of California to cause cancer. For more information, go to www.P65Warnings.ca.gov",
    "CASE": {
      "count": 1,
      "dimension": "L 1\" x W 1\" x H 1\"",
      "weight": 40.0,
      "price": 50.22,
      "price_per_lb": 1.26
    },
    "EACH": {
      "count": "1 Item",
      "dimension": "L 1\" x W 1\" x H 1\"",
      "weight": 40.0,
      "price": 50.22,
      "price_per_lb": 1.26
    },
    "related_items": "None"
  },
  {
    "image": "https://shop.kimelo.com/_next/image?url=https%3A%2F%2Fd3tlizm80tjdt4.cloudfront.net%2Fremote_images%2Fimage%2F7510%2Fsmall%2F677b2a41544b3dfe7f0897e9390fcccfad1cbaae841b2ceb87.jpg&w=3840&q=50",
    "url": "https://shop.kimelo.com/sku/cheese-goat-crumbled-fzn-22-lb-125885/125885",
    "name": "Cheese, Goat, Crumbled, Fzn, 2/2 Lb 125885",
    "brand": "President",
    "category": "Cheese > Specialty Cheese",
    "SKU": 125885,
    "UPC": 125885,
    "Warning": "This product can expose you to chemicals including arsenic, which is known to the State of California to cause cancer. For more information, go to www.P65Warnings.ca.gov",
    "CASE": {
      "count": 1,
      "dimension": "L 1\" x W 1\" x H 1\"",
      "weight": 4.0,
      "price": 34.41,
      "price_per_lb": 8.6
    },
    "EACH": {
      "count": "1 Item",
      "dimension": "L 1\" x W 1\" x H 1\"",
      "weight": 4.0,
      "price": 34.41,
      "price_per_lb": 8.6
    },
    "related_items": "None"
  },
  {
    "image": "https://shop.kimelo.com/_next/image?url=https%3A%2F%2Fd3tlizm80tjdt4.cloudfront.net%2Fremote_images%2Fimage%2F7219%2Fsmall%2F6c77b279a5ed42add9439bbdfc694637d60aaae4f2f0ec56d7.jpg&w=3840&q=50",
    "url": "https://shop.kimelo.com/sku/cheese-mozzarella-wmlm-premio-tigrato-shred-fzn-65lb-125867/125867",
    "name": "Cheese, Mozzarella, Wmlm, Premio, Tigrato Shred, Fzn, 6/5lb 125867",
    "brand": "Packer",
    "category": "Cheese > Specialty Cheese",
    "SKU": 125867,
    "UPC": 125867,
    "Warning": "This product can expose you to chemicals including arsenic, which is known to the State of California to cause cancer. For more information, go to www.P65Warnings.ca.gov",
    "CASE": {
      "count": 1,
      "dimension": "L 1\" x W 1\" x H 1\"",
      "weight": 30.0,
      "price": 106.17,
      "price_per_lb": 3.54
    },
    "EACH": {
      "count": "1 Item",
      "dimension": "L 1\" x W 1\" x H 1\"",
      "weight": 30.0,
      "price": 106.17,
      "price_per_lb": 3.54
    },
    "related_items": "None"
  },
  {
    "image": "https://shop.kimelo.com/_next/image?url=https%3A%2F%2Fd3tlizm80tjdt4.cloudfront.net%2Fremote_images%2Fimage%2F5529%2Fsmall%2F042d7c08627c19fc643914fdd06ade7ade98df11a63c15f672.jpg&w=3840&q=50",
    "url": "https://shop.kimelo.com/sku/cheese-mozzarella-wmlm-shredded-red-label-fzn-65-lb-125663/125663",
    "name": "Cheese, Mozzarella, Wmlm, Shredded, Red Label, Fzn, 6/5 Lb 125663",
    "brand": "Galbani",
    "category": "Cheese > Specialty Cheese",
    "SKU": 125663,
    "UPC": 125663,
    "Warning": "This product can expose you to chemicals including arsenic, which is known to the State of California to cause cancer. For more information, go to www.P65Warnings.ca.gov",
    "CASE": {
      "count": 1,
      "dimension": "L 1\" x W 1\" x H 1\"",
      "weight": 30.0,
      "price": 65.57,
      "price_per_lb": "None"
    },
    "EACH": {
      "count": "1 Item",
      "dimension": "L 1\" x W 1\" x H 1\"",
      "weight": 30.0,
      "price": 65.57,
      "price_per_lb": "None"
    },
    "related_items": "None"
  },
  {
    "image": "https://shop.kimelo.com/_next/image?url=https%3A%2F%2Fd3tlizm80tjdt4.cloudfront.net%2Fremote_images%2Fimage%2F7413%2Fsmall%2Fe7ae16a6c8dcf1eef4a92b9f6335615d4fb06ed12485f45e86.jpg&w=3840&q=50",
    "url": "https://shop.kimelo.com/sku/cheese-provolone-no-smoke-professionale-fzn-8-5-lb-125816/125816",
    "name": "Cheese, Provolone, No Smoke, Professionale, Fzn, (8) 5 Lb 125816",
    "brand": "Galbani",
    "category": "Cheese > Cheese Loaf",
    "SKU": 125816,
    "UPC": 125816,
    "Warning": "This product can expose you to chemicals including arsenic, which is known to the State of California to cause cancer. For more information, go to www.P65Warnings.ca.gov",
    "CASE": {
      "count": 8,
      "dimension": "L 1\" x W 1\" x H 1\"",
      "weight": 5.0,
      "price": 133.04,
      "price_per_lb": 3.33
    },
    "EACH": {
      "count": "1 Item",
      "dimension": "L 1\" x W 1\" x H 1\"",
      "weight": 0.625,
      "price": 16.63,
      "price_per_lb": 3.33
    },
    "related_items": "None"
  },
  {
    "image": "https://shop.kimelo.com/_next/image?url=https%3A%2F%2Fd3tlizm80tjdt4.cloudfront.net%2Fremote_images%2Fimage%2F7459%2Fsmall%2F8d2ee5b0efabab48d9ab265bcbc2e0e8f2e2d463f70a584707.jpg&w=3840&q=50",
    "url": "https://shop.kimelo.com/sku/cheese-blend-mozz-wm-ps-premio-shred-fzn-65-lb-125856/125856",
    "name": "Cheese, Blend, Mozz, Wm & Ps, Premio Shred, Fzn, 6/5 Lb 125856",
    "brand": "Galbani Premio",
    "category": "Cheese > Specialty Cheese",
    "SKU": 125856,
    "UPC": 125856,
    "Warning": "This product can expose you to chemicals including arsenic, which is known to the State of California to cause cancer. For more information, go to www.P65Warnings.ca.gov",
    "CASE": {
      "count": 1,
      "dimension": "L 1\" x W 1\" x H 1\"",
      "weight": 30.0,
      "price": 48.61,
      "price_per_lb": 1.62
    },
    "EACH": {
      "count": "1 Item",
      "dimension": "L 1\" x W 1\" x H 1\"",
      "weight": 30.0,
      "price": 48.61,
      "price_per_lb": 1.62
    },
    "related_items": "None"
  },
  {
    "image": "https://shop.kimelo.com/_next/image?url=https%3A%2F%2Fd3tlizm80tjdt4.cloudfront.net%2Fremote_images%2Fimage%2F7215%2Fsmall%2F0a7da17fd94fe5c52868137e402c2fb20947dba2f4b452a049.jpg&w=3840&q=50",
    "url": "https://shop.kimelo.com/sku/cheese-mozzarella-wmlm-loaf-professionale-fzn-85-lb-125814/125814",
    "name": "Cheese, Mozzarella, Wmlm, Loaf, Professionale, Fzn, 8/5 Lb 125814",
    "brand": "Galbani",
    "category": "Cheese > Cheese Loaf",
    "SKU": 125814,
    "UPC": 125814,
    "Warning": "This product can expose you to chemicals including arsenic, which is known to the State of California to cause cancer. For more information, go to www.P65Warnings.ca.gov",
    "CASE": {
      "count": 1,
      "dimension": "L 1\" x W 1\" x H 1\"",
      "weight": 40.0,
      "price": 44.63,
      "price_per_lb": 1.12
    },
    "EACH": {
      "count": "1 Item",
      "dimension": "L 1\" x W 1\" x H 1\"",
      "weight": 40.0,
      "price": 44.63,
      "price_per_lb": 1.12
    },
    "related_items": "None"
  },
  {
    "image": "https://shop.kimelo.com/_next/image?url=https%3A%2F%2Fd3tlizm80tjdt4.cloudfront.net%2Fremote_images%2Fimage%2F7738%2Fsmall%2F5b41b3664d4c670debf38cd6901d14461ebc988399e19127ae.jpg&w=3840&q=50",
    "url": "https://shop.kimelo.com/sku/cheese-brie-60-frozen-22-lb-125998/125998",
    "name": "Cheese, Brie, 60%, Frozen, 2/2 Lb 125998",
    "brand": "President",
    "category": "Cheese > Specialty Cheese",
    "SKU": 125998,
    "UPC": 125998,
    "Warning": "This product can expose you to chemicals including arsenic, which is known to the State of California to cause cancer. For more information, go to www.P65Warnings.ca.gov",
    "CASE": {
      "count": 1,
      "dimension": "L 1\" x W 1\" x H 1\"",
      "weight": 4.0,
      "price": 18.33,
      "price_per_lb": 4.58
    },
    "EACH": {
      "count": "1 Item",
      "dimension": "L 1\" x W 1\" x H 1\"",
      "weight": 4.0,
      "price": 18.33,
      "price_per_lb": 4.58
    },
    "related_items": "None"
  },
  {
    "image": "https://shop.kimelo.com/_next/image?url=https%3A%2F%2Fd3tlizm80tjdt4.cloudfront.net%2Fremote_images%2Fimage%2F5949%2Fsmall%2Fd23620a3a0f21afb9281850456bf3598285654e87ef638e32e.jpg&w=3840&q=50",
    "url": "https://shop.kimelo.com/sku/cheese-mozzarella-loaf-thin-slice-fzn-61-lb-125686/125686",
    "name": "Cheese, Mozzarella, Loaf, Thin Slice, Fzn, 6/1 Lb 125686",
    "brand": "Galbani",
    "category": "Cheese > Cheese Loaf",
    "SKU": 125686,
    "UPC": 125686,
    "Warning": "This product can expose you to chemicals including arsenic, which is known to the State of California to cause cancer. For more information, go to www.P65Warnings.ca.gov",
    "CASE": {
      "count": 1,
      "dimension": "L 1\" x W 1\" x H 1\"",
      "weight": 6.0,
      "price": 7.95,
      "price_per_lb": "None"
    },
    "EACH": {
      "count": "1 Item",
      "dimension": "L 1\" x W 1\" x H 1\"",
      "weight": 6.0,
      "price": 7.95,
      "price_per_lb": "None"
    },
    "related_items": "None"
  },
  {
    "image": "https://shop.kimelo.com/_next/image?url=https%3A%2F%2Fd3tlizm80tjdt4.cloudfront.net%2Fremote_images%2Fimage%2F7214%2Fsmall%2Fe9ab65ec35fd13418c56e43a697f0cd6f2464279cf92c5e10b.jpg&w=3840&q=50",
    "url": "https://shop.kimelo.com/sku/cheese-mozzarella-wmlm-cali-gold-loaf-fzn-86-lb-112065/112065",
    "name": "Cheese, Mozzarella, Wmlm, Cali Gold, Loaf, Fzn, 8/6 Lb 112065",
    "brand": "California Gold",
    "category": "Cheese > Cheese Loaf",
    "SKU": 112065,
    "UPC": 112065,
    "Warning": "This product can expose you to chemicals including arsenic, which is known to the State of California to cause cancer. For more information, go to www.P65Warnings.ca.gov",
    "CASE": {
      "count": 1,
      "dimension": "L 1\" x W 1\" x H 1\"",
      "weight": 47.0,
      "price": 48.09,
      "price_per_lb": 1.0
    },
    "EACH": {
      "count": "1 Item",
      "dimension": "L 1\" x W 1\" x H 1\"",
      "weight": 47.0,
      "price": 48.09,
      "price_per_lb": 1.0
    },
    "related_items": "None"
  },
  {
    "image": "https://shop.kimelo.com/_next/image?url=https%3A%2F%2Fd3tlizm80tjdt4.cloudfront.net%2Fimage%2F13863%2Fimage%2Fsm-3e26ef88c6dc801ad4d041ef812a9c7d.png&w=3840&q=50",
    "url": "https://shop.kimelo.com/sku/cheese-mozzarella-pslm-cali-gold-loaf-fzn-86-lb-112075/112075",
    "name": "Cheese, Mozzarella, Pslm, Cali Gold, Loaf, Fzn, 8/6 Lb 112075",
    "brand": "California Gold",
    "category": "Cheese > Cheese Loaf",
    "SKU": 112075,
    "UPC": 112075,
    "Warning": "This product can expose you to chemicals including arsenic, which is known to the State of California to cause cancer. For more information, go to www.P65Warnings.ca.gov",
    "CASE": {
      "count": 1,
      "dimension": "L 1\" x W 1\" x H 1\"",
      "weight": 48.0,
      "price": 124.51,
      "price_per_lb": 2.59
    },
    "EACH": {
      "count": "1 Item",
      "dimension": "L 1\" x W 1\" x H 1\"",
      "weight": 48.0,
      "price": 124.51,
      "price_per_lb": 2.59
    },
    "related_items": "None"
  }
]